3096 4946
832 397 869 455 16

310 578 348 654 Π,
372 582 420 654 13,
442 583 498 638 27:
533 579 595 654 „Tu
629 598 696 641 vero
730 598 834 640 nucum
868 586 968 654 pectus
999 582 1127 642 lacerata
1159 584 1338 657 sequeris
1371 583 1435 643 Nee

372 679 493 741 fueris
514 683 591 741 lassa
613 729 619 741 .
644 729 650 742 .
673 685 771 744 oscula
792 699 912 756 pones

310 783 365 857 Ill,
390 786 418 859 3,
439 787 491 842 39:
519 784 693 860 „Contentus
715 787 804 846 niveis
825 801 936 858 semper
966 784 1178 846 vectabere
1200 786 1298 860 cygnis
1319 785 1382 845 Nee
1404 790 1435 845 ts

373 882 455 945 fortis
478 888 544 958 equi
566 888 680 948 ducet
704 889 742 948 ad
763 904 843 948 arma
865 904 951 946 senus
973 931 979 944 .
1002 929 1009 943 .
1037 882 1050 911 ‘⁴

312 987 362 1063 IV,
387 988 429 1064 lb,
451 992 527 1055 137:
551 985 603 1063 (At
624 998 655 1049 tu
676 985 763 1065 finge)
783 1035 789 1049 .
811 1035 818 1049 .
847 984 999 1060 „Militiam
1022 990 1142 1050 Veneris
1163 990 1276 1050 blandis
1296 990 1437 1063 patiere

375 1090 427 1149 sub
449 1084 554 1150 arnis“

271 1191 403 1250 nimirum
426 1190 481 1252 dea
501 1194 563 1266 ipsa
585 1198 689 1266 poetae
711 1193 789 1265 leges
810 1193 868 1253 dat.

704 1437 912 1448 ,κὴ-...-
924 1441 1005 1449 --.

693 1657 842 1711 Futurum
862 1659 1017 1716 exactum.

360 1839 508 1915 Quodiam
515 1840 590 1898 inter
597 1838 868 1914 plusquamperfecti
875 1843 1078 1901 tractationem
1085 1839 1439 1915 vidimus‚dispositionem

277 1941 341 2000 dieo
359 1947 519 2015 temporum
538 1948 567 2000 et
585 1943 666 2014 quasi
680 1943 796 2018 gradus,
814 1943 843 2002 id
860 1944 890 2001 in
905 1941 994 2002 futuri
1007 1944 1101 2002 exacti
1116 1958 1228 2016 qnoque
1240 1959 1293 2001 usu
1305 1947 1439 2015 spectare

273 2059 422 2117 possumus
453 2045 488 2102 iis
517 2045 597 2118 locis,
623 2044 725 2116 quibus
754 2051 852 2105 noster
878 2047 1039 2105 accuratius
1062 2061 1148 2122 quem
1170 2044 1246 2118 apud
1270 2044 1341 2104 alins
1363 2044 1440 2104 solet
1536 2053 1537 2082 l

274 2145 348 2222 fieri,
377 2161 580 2219 nonnunquam
608 2148 695 2205 etiam
717 2165 779 2207 cum
803 2148 957 2208 offensione
980 2148 1114 2223 quadam,
1135 2164 1182 2208 res
1203 2146 1314 2207 futuras
1336 2145 1440 2206 dividit

274 2249 304 2308 in
324 2250 404 2322 prins
426 2255 456 2310 et
476 2251 617 2323 posterius
638 2246 765 2309 futuras:
1537 2309 1538 2330 ¹

317 2351 374 2411 mb.
396 2354 443 2426 16,
461 2353 515 2410 21:
532 2350 671 2425 „Nullane
685 2351 748 2411 finis
768 2353 844 2411 erit
861 2357 961 2412 nostre
974 2368 1132 2412 concessa
1153 2351 1350 2411 dolori-tristis
1368 2354 1439 2409 et..
1537 2341 1538 2380 ³

380 2469 494 2512 somnus
516 2453 628 2514 erit?“

316 2555 356 2631 ΙΙ,
380 2557 408 2630 b,
427 2559 480 2614 10:
508 2555 556 2627 „Si
577 2556 659 2616 dolor
680 2554 847 2630 abfuerit,
870 2555 965 2630 crede,
987 2556 1139 2616 redibit
1160 2553 1267 2618 amor.“
1538 2617 1539 2624 ,

318 2657 358 2734 Π,
382 2658 413 2733 b,
431 2661 485 2716 21:
506 2659 585 2734 „Nec
598 2658 652 2718 tibi
667 2659 801 2732 perjmae
819 2659 984 2718 scindam
1003 2659 1038 2718 de
1053 2675 1173 2733 corpere
1191 2657 1361 2720 vestes-Nee
1375 2671 1441 2716 mea
1538 2639 1539 2644 ἵ

380 2761 545 2833 praeclusas
566 2759 798 2834 fregerisne
821 2759 897 2820 iores

317 2862 356 2937 ΙΙ,
380 2866 429 2938 30,
447 2867 484 2921 4;
507 2860 596 2938 (nulla
624 2870 668 2924 est
696 2858 776 2937 fuga)
802 2863 884 2937 „Non
907 2865 931 2922 si
952 2863 1082 2936 Pegaseo
1104 2863 1268 2923 vecteris
1291 2907 1298 2922 .
1319 2906 1326 2921 .
1350 2860 1437 2921 dorso

382 2965 444 3025 Nec
465 2966 518 3025 tibi
539 2968 563 3025 si
584 2967 683 3026 Persei
705 2967 871 3026 moverit
892 2966 939 3024 ale
959 2966 1084 3038 pedes“;
1106 2965 1272 3036 scitissime3

280 3085 343 3128 cum
366 3070 441 3127 enim
463 3075 566 3142 poetae
587 3070 616 3127 in
638 3070 732 3128 animo
755 3076 830 3128 esset
851 3067 963 3128 dicere:

365 3171 442 3242 „Nec
456 3171 497 3229 si.
508 3165 676 3243 ‚vecteris“,
689 3186 725 3229 ne
743 3177 809 3230 acta
822 3177 922 3244 ageret
941 3170 1017 3242 quod
1035 3170 1125 3243 aiunt,
1143 3186 1196 3243 pro
1210 3170 1259 3228 illc
1280 3165 1435 3243 „veetrrid‘

278 3271 396 3332 verbum
418 3272 550 3331 movendi
571 3274 736 3347 usmnavit3
752 3273 801 3332 sed
820 3274 843 3331 si
864 3274 927 3349 quis
945 3273 1023 3332 volat
1041 3273 1086 3332 vel
1107 3278 1253 3342 „vectetur
1269 3286 1321 3345 per
1339 3269 1441 3344 aera“‚

278 3379 365 3434 autea
387 3375 445 3433 iam
469 3375 584 3434 movit
605 3376 652 3434 ale
670 3374 768 3449 pedes.

319 3478 358 3552 ΙΙ,
376 3480 422 3552 13,
437 3479 493 3535 28:
513 3477 590 3548 „Nec
600 3475 614 3535 1
620 3494 638 3535 ιι
647 3478 724 3536 eris
738 3492 840 3536 numen
853 3477 928 3534 lasse
940 3491 1043 3535 vacare
1053 3489 1266 3548 meum-pones
1278 3474 1391 3532 osenla.
1404 3517 1410 3530 .
1421 3490 1442 3543 .;

381 3579 493 3639 accedit
507 3579 563 3654 bic,
584 3579 660 3651 qnod
678 3585 767 3653 poeta
787 3578 944 3638 certissime
959 3577 998 3652 id,
1014 3577 1092 3654 quod
1105 3577 1256 3651 praedicit,
1275 3581 1443 3635 eventurum

382 3698 444 3741 esse
467 3681 607 3752 affirmet3
632 3697 704 3754 quae
725 3678 814 3740 futuri
837 3681 930 3740 exacti
952 3678 1122 3752 significatio
1145 3678 1221 3752 apud
1240 3678 1312 3738 alios
1329 3693 1443 3751 qnoque

381 3785 533 3859 invenitur,
555 3783 632 3843 velut
654 3783 734 3843 Gaea.
756 3783 821 3843 bell.
844 3783 910 3856 gall.
926 3781 975 3840 IV.
997 3783 1052 3841 25:
1076 3782 1217 3855 „officium
1231 3778 1439 3859 praestitero“.

319 3887 374 3962 ΙΙΙ,
399 3890 447 3960 10,
466 3889 521 3946 29;
550 3885 636 3956 „Cum
658 3885 780 3946 fuerit
801 3886 897 3944 multis
916 3890 1053 3945 exacta
1074 3884 1227 3944 trientibus
1241 3884 1322 3959 bora,
1340 3883 1444 3944 Noctis

384 3995 413 4050 et
428 3989 576 4048 inst‘tuet
587 4004 670 4048 sacra
681 3989 810 4048 ministra
819 3986 946 4062 Venns“,
956 3988 1060 4046 Annua
1069 3987 1192 4046 solvam
1201 4003 1238 4046 us
1249 4031 1255 4045 .
1266 4027 1273 4042 .
1284 3987 1447 4047 sollemnia.

321 4091 371 4167 IV,
396 4095 444 4165 11,
467 4090 506 4149 85
528 4106 604 4164 sqq.:
634 4091 691 4152 Seu
719 4097 817 4151 tamen
844 4090 993 4150 adversum
1026 4091 1189 4149 mutarit
1217 4091 1303 4150 ianne
1329 4090 1447 4165 lectum,

383 4194 539 4253 Sederit
561 4200 590 4254 et
615 4201 713 4256 nestro
744 4200 830 4254 canta
858 4209 983 4254 noverca
1008 4199 1072 4252 toro
1096 4235 1103 4250 .
1128 4233 1133 4244 .
1158 4190 1251 4265 Capta
1281 4189 1385 4250 dabit
1406 4232 1414 4246 .
1439 4233 1446 4248 .

383 4294 433 4354 illa
450 4312 558 4357 manns.
