3096 4946
834 431 875 492 20

309 621 359 692 14,
375 611 489 686 mssa:
516 615 580 677 Nec
608 632 683 689 quae
710 619 769 677 amt
799 615 889 676 facies
915 633 969 677 nec
996 632 1072 689 quae
1097 616 1157 675 emt
1183 613 1274 674 rerba
1303 612 1438 689 rogandi,

369 719 523 781 luveuiaa
544 762 584 778 ..

310 841 359 914 16,
377 841 433 898 22:
455 839 536 898 Talia
556 853 634 897 mors
654 840 751 911 pretio
771 839 818 897 vel
839 839 894 895 ait
915 837 1037 896 emenda
1058 837 1128 896 mihi
1150 881 1158 895 .
1180 879 1189 893 .

349 958 488 1019 Similiter
497 958 548 1032 IV,
566 961 609 1033 lb,
628 960 705 1028 1423
723 960 752 1030 3,
765 959 822 1027 25;
840 958 868 1027 5,
881 958 940 1028 58;
957 961 1006 1030 11,
1020 956 1325 1030 concremendam
1340 963 1440 1016 tanen

264 1067 320 1134 est,
342 1060 471 1121 vestus
492 1061 517 1135 1,
542 1063 628 1134 14,7
649 1066 680 1118 11
704 1060 753 1133 18,
778 1063 817 1117 14
845 1061 995 1119 enuntiata
1015 1061 1183 1120 concessiva
1202 1059 1375 1120 antecedere
1395 1052 1438 1134 (1,

267 1161 1441 1236 14,7:,stlta..trdasermimis..lvontamenistameovolcant

263 1261 1004 1336 emtmdereamort“18,14:caamvtsnmca
1021 1263 1439 1338 trdidolorlricmeaearpera

264 1366 350 1440 dedet,
372 1366 441 1425 Non
461 1366 503 1424 ita
523 1384 613 1424 caeca
633 1373 728 1422 tomen
750 1365 905 1422 venerit
925 1365 973 1422 ira
991 1384 1077 1423 mcc.
1097 1408 1104 1421 .
1123 1359 1147 1438 ),
1168 1364 1273 1424 ceteris
1293 1363 1364 1422 iocis
1380 1363 1440 1421 vim

263 1467 390 1539 aliquam
417 1463 507 1524 futuri
530 1466 668 1539 temporis
697 1466 808 1538 inesse3
837 1480 894 1538 qua
921 1472 1045 1537 utraque
1072 1481 1105 1525 re
1126 1467 1323 1526 coniunctivae
1344 1466 1437 1536 mama

263 1567 475 1642 comprobatur.
499 1566 585 1642 Quod
605 1568 631 1625 si
650 1567 875 1641 consideramus,
897 1567 977 1626 locos
997 1568 1072 1627 alios
1089 1583 1205 1644 quoque
1223 1567 1318 1626 adhuc
1333 1566 1438 1625 dubios

264 1671 311 1730 vel
323 1670 467 1730 editorum
476 1670 652 1728 auctoritate
664 1669 832 1743 repudiatos
845 1671 1026 1730 coniunctivo
1035 1669 1182 1729 vindicare
1193 1686 1251 1730 uon
1258 1670 1438 1741 verebimur;

263 1777 297 1831 111
317 1773 392 1831 enim
412 1777 500 1845 pocta
520 1771 592 1830 dicit
611 1771 668 1830 mb.
692 1776 741 1846 14,
762 1775 797 1830 7:
821 1773 906 1840 ,Non
925 1815 931 1830 .
951 1817 959 1829 .
981 1776 1098 1831 calceat
1118 1771 1319 1843 cernendae,
1341 1773 1384 1830 ita
1397 1771 1438 1846 Π,

265 1876 295 1948 3,
312 1877 369 1933 10:
397 1873 492 1942 ,Leia
512 1893 571 1931 non
592 1873 708 1932 domino
730 1875 810 1931 aiat
831 1874 923 1950 maqis
940 1875 1008 1932 alba
1025 1873 1106 1932 mea*
1128 1890 1194 1934 cum
1207 1875 1355 1947 scripsisse
1368 1889 1437 1932 cou-

263 1982 430 2036 tcutancum
452 1981 603 2046 1111111111
616 1975 709 2032 miuus
727 1975 766 2048 11,
783 1979 812 2049 3,
826 1977 884 2034 25:
905 1976 1005 2044 ,Haec
1022 1976 1287 2034 tidicontalerint
1303 1976 1439 2033 welo-ada
1544 2043 1545 2060 ¹

262 2097 384 2135 manera
405 2075 494 2146 died,
523 2091 598 2153 quae
625 2075 741 2147 quidem
769 2076 908 2134 lectiones
937 2075 1020 2135 codd.
1042 2076 1068 2135 F
1089 2083 1120 2136 et
1141 2077 1169 2135 N
1197 2077 1325 2136 traditae
1345 2079 1438 2136 iuter-

262 2179 426 2251 polatcrum
448 2177 579 2237 codicum
600 2178 758 2238 indicativo
781 2178 965 2251 posthabitae
986 2183 1053 2236 snut
1072 2194 1092 2237 a
1108 2179 1242 2238 nonnum.
1264 2179 1328 2239 Hoc
1343 2195 1436 2252 genus

262 2281 435 2340 coniunctivi
455 2281 543 2339 etiam
569 2281 600 2338 iu
621 2281 771 2340 enuntiata
792 2281 1011 2354 condicionalis,
1039 2297 1114 2352 quae
1142 2297 1206 2340 eum
1234 2282 1292 2340 illis
1316 2282 1438 2354 couJ'uu-

262 2388 378 2456 guntur,
401 2383 576 2442 attractione
597 2383 721 2454 quadam
744 2383 908 2454 uausgrcdi
929 2382 1054 2454 videtur,
1082 2384 1106 2442 si
1128 2381 1244 2455 quidem
1264 2397 1329 2442 eum
1351 2383 1437 2442 codd.

261 2484 377 2557 optimis
398 2485 538 2556 legimus:

303 2620 329 2660 v.
354 2606 390 2660 ll
414 2598 503 2674 (Lilia
521 2619 579 2663 nou
600 2603 716 2662 domina
738 2602 796 2660 siut
817 2605 908 2674 magis
928 2603 996 2662 alba
1016 2601 1094 2662 moal

302 2721 342 2780 Et
362 2721 509 2781 Maeotica
530 2724 589 2798 nix,
610 2723 698 2780 minio
719 2723 744 2780 si
762 2727 867 2781 certet
888 2720 997 2782 Hibero

260 2847 290 2900 et
310 2860 338 2901 v.
363 2844 414 2901 33.

301 2949 384 3018 Hauc
405 2974 459 3031 ego
477 2975 552 3017 nuuc
574 2960 660 3018 muer
679 2960 705 3017 si
723 2956 875 3031 flagret
892 2965 992 3018 nosue
1014 2957 1170 3018 iuventus?

343 3077 559 3137 Coniunctivum
577 3073 714 3148 editores,
734 3076 789 3134 uisi
801 3073 897 3149 fallor,
915 3091 980 3134 eam
998 3074 1035 3135 ob
1046 3091 1164 3134 causam
1178 3091 1236 3135 uon
1252 3073 1434 3148 probandum

257 3184 442 3251 putaverunt,
463 3177 540 3250 quod
561 3178 774 3236 enuntiatorum
798 3177 1037 3237 condicionalium
1055 3179 1266 3238 coniunctivum
1280 3178 1429 3237 coutinen-

257 3282 330 3340 tium
350 3281 429 3340 nulla
458 3285 613 3354 praeterea
640 3279 718 3350 apud
748 3285 878 3338 nostrum
908 3279 1080 3339 exhibentur
1107 3271 1279 3353 exempla.¹)
1321 3280 1362 3338 At
1382 3295 1435 3338 cur

258 3381 441 3455 Propertium
462 3381 674 3441 coniunctivum
692 3397 750 3440 uon
769 3382 917 3454 scripsisse
932 3383 1136 3457 existimemus,
1158 3383 1322 3455 aiexempli
1338 3383 1434 3455 matio

260 3483 339 3558 apud
360 3483 519 3556 Vergilium
539 3482 611 3541 talia
629 3483 759 3556 legimus,
786 3490 817 3543 et
837 3499 873 3542 ea
895 3483 1012 3561 quidem
1042 3483 1143 3544 eodem
1164 3485 1307 3544 amatorio
1328 3484 1433 3544 ardore

260 3585 355 3645 dicta:
387 3586 440 3644 ecl.
462 3585 528 3660 Vll,
558 3580 670 3655 tollit:
700 3585 725 3643 si
755 3582 897 3644 formosus
925 3585 1024 3644 Alexis
1051 3585 1201 3645 Montibus
1227 3585 1272 3645 hia
1301 3585 1431 3658 abeat,

258 3685 377 3748 mdeaa
397 3692 428 3746 et
448 3683 565 3747 flumina
586 3688 665 3747 sicce
685 3724 743 3748 ...
1542 3675 1543 3686 ’

362 3808 419 3865 67:
442 3805 564 3880 Saepius
584 3812 617 3866 at
637 3807 662 3866 si
684 3821 740 3881 me,
762 3805 883 3879 Lycida,
905 3803 1042 3879 formoso,
1065 3807 1216 3879 revisas,

442 3925 586 3986 Fraxinus
607 3927 638 3984 iu
659 3925 737 3984 silvia
759 3924 858 3984 cedat
880 3922 942 3994 tibi,
965 3925 1049 3998 pinus
1070 3925 1100 3983 iu
1121 3925 1223 3985 hortis

298 4045 325 4089 e.
346 4027 385 4102 X,
409 4021 521 4096 33ltt:
545 4027 568 4087 0
591 4025 661 4086 mihi
683 4032 745 4086 tum
766 4041 852 4098 qnam
872 4025 1000 4086 molliter
1020 4041 1085 4087 ossa
1104 4027 1299 4102 quiescant,

345 4316 365 4380 ι1
383 4319 417 4368 ci.
436 4317 499 4368 dier.
517 4331 542 4366 u.
559 4331 586 4381 p.
605 4319 638 4368 18
656 4319 682 4368 c.
