3096 4946
834 394 936 454 ³0,

261 574 365 636 deleat.
387 574 428 635 Et
445 593 514 648 sane
531 582 636 651 poetae
652 579 792 639 interesse
808 579 945 656 videmus,
963 567 1096 655 utquam
1112 584 1269 646 certissime
1286 585 1434 658 loquatur.

260 676 316 736 Hic
345 685 467 750 quaerat
496 681 648 756 quispiam,
676 685 728 740 cnr
756 697 813 741 non
833 683 982 757 scripserit
1002 689 1091 758 poeta
1115 685 1352 760 „quemquami
1373 687 1432 749 Sed

262 795 297 839 ea
319 780 483 842 coniunctio
504 783 619 842 omnino
641 783 719 857 apud
741 789 871 844 nostrum
892 802 950 845 non
971 786 1084 859 legitur.
1229 845 1231 850 .

344 882 520 944 Indioativns
541 891 626 958 aptus
649 902 665 944 e
686 887 887 948 coniunctione
912 883 1025 964 ‚,cum“,
1055 891 1102 948 cui
1123 887 1351 950 adfirmandum
1374 891 1432 952 rim

259 984 426 1045 adverbium
469 986 597 1057 „tamen“
635 988 761 1063 additur,
795 991 824 1050 in
858 1008 884 1050 v.
918 991 976 1050 mb.
1012 997 1039 1067 1,
1063 993 1098 1051 8:
1137 983 1221 1069 (mini
1248 993 1342 1062 furor
1373 1013 1432 1053 non

259 1087 354 1164 dejicit
374 1095 429 1147 toto
451 1083 547 1164 anno)
570 1109 648 1164 „cupi
664 1098 759 1150 moseo
776 1092 914 1152 adversos
930 1112 1015 1169 copor
1030 1094 1137 1153 daborc
1154 1091 1237 1152 dcos“
1259 1094 1302 1153 ita
1318 1099 1431 1155 tantum

259 1189 396 1262 explicari
412 1194 519 1265 potest,
534 1196 567 1250 ut
580 1193 718 1269 temporis
735 1191 972 1266 significationem
986 1196 1156 1268 praevalere
1173 1196 1203 1254 in
1218 1196 1430 1271 coniunctione,

259 1304 380 1362 eamque
399 1305 453 1363 pro
474 1292 642 1363 pronomine
663 1292 795 1367 relativo,
818 1294 894 1367 quod
913 1295 1058 1367 pertineat
1076 1295 1114 1355 ad
1133 1295 1289 1376 ablativum
1312 1294 1423 1368 „anao“

258 1407 358 1452 verens
380 1391 587 1469 antecedentis,
610 1409 673 1454 esse
694 1394 832 1454 dimmus.

343 1494 401 1554 Sed
421 1495 498 1554 solus
520 1495 716 1556 coniunctivae
737 1512 852 1570 qnoque
874 1513 938 1557 eum
959 1497 1126 1558 conceditur
1144 1514 1198 1572 pro
1214 1499 1430 1560 coniunctivoe
1538 1555 1539 1572 ,

258 1597 458 1657 coniunctione
483 1595 548 1668 πιιιιι
574 1602 643 1672 apto
664 1599 786 1671 legitur:

300 1697 347 1771 IV,
374 1699 402 1774 5,
420 1701 458 1759 9:
486 1699 557 1771 „Illa
578 1701 682 1774 velit,
704 1702 812 1775 poterit
830 1717 948 1774 magnes
970 1717 1027 1762 non
1048 1701 1154 1762 ducere
1175 1699 1283 1762 tonum
1305 1745 1312 1759 .
1336 1743 1344 1759 .
1367 1698 1381 1728 ‘⁴

299 1800 350 1876 IV,
374 1803 403 1877 5,
423 1802 461 1862 57
472 1819 479 1860 ε
507 1801 579 1874 „Qui
599 1816 710 1876 verens,
732 1801 809 1862 Coae
825 1801 976 1862 dederit
992 1818 1046 1862 nec
1064 1819 1183 1865 munera
1199 1800 1303 1896 vestis“
1332 1797 1427 1876 (istius

362 1903 416 1963 tibi
437 1905 475 1963 sit
496 1903 583 1964 surda
604 1899 691 1978 lyra),

258 2018 342 2076 quem
367 2021 479 2066 versum
509 2005 663 2065 admodum
691 2006 822 2078 praecise
844 2006 951 2066 dictum
973 2007 1014 2065 sio
1036 2004 1283 2080 interpretandum
1305 2019 1426 2064 conseo:
1538 2061 1539 2078 ἶ

262 2105 334 2179 „Qui
355 2111 388 2165 ut
408 2123 506 2168 versus
528 2107 650 2181 dederit,
672 2120 724 2166 neo
747 2106 859 2168 dederit
879 2123 998 2168 munera
1020 2107 1097 2168 Coae
1117 2108 1215 2182 restis,
1237 2108 1320 2166 istius
1342 2149 1349 2164 .
1376 2149 1382 2164 .
1408 2100 1423 2130 ‘⁴
1538 2167 1539 2178 ,

687 2361 992 2371 --—-—--—-——--

340 2583 423 2644 Haeo
454 2583 551 2659 habui,
581 2600 654 2657 quae
684 2585 720 2644 de
748 2585 899 2644 modorum
928 2602 981 2644 usu
1010 2585 1039 2644 in
1068 2585 1224 2650 enuntiatis
1252 2583 1428 2643 secundariis
1538 2619 1539 2622 κ

256 2684 395 2756 dicerem;
412 2691 510 2745 cetera
524 2687 728 2746 enuntiationis
744 2686 932 2746 secundariae
948 2702 1055 2759 genera
1073 2685 1315 2746 commemorandi
1328 2699 1426 2757 super·
1538 2757 1539 2760 Ἴ

130 2777 134 2781 ’
255 2786 357 2847 sedere
378 2802 484 2861 operae
507 2802 571 2846 eam
592 2787 629 2846 ob
652 2803 768 2847 cansam
791 2788 993 2863 putantquod
1010 2786 1087 2862 apud
1106 2787 1288 2861 Propertium
1307 2785 1425 2845 omnino

257 2888 327 2948 nihil
349 2890 458 2963 proprii
481 2889 628 2950 exhibent.
