3096 4946
862 424 884 480 6

759 615 988 686 Imperfectum

367 797 432 858 Hoc
458 801 571 869 tempus
599 795 630 854 in
661 794 760 868 elegiis
787 795 919 854 omnibns
939 809 1032 868 paene
1052 793 1123 852 locis
1144 791 1265 852 eandem
1286 792 1454 862 sinuetque

282 902 314 960 in
341 914 429 975 prosa
458 897 588 958 oratione
620 896 742 972 praebet
772 913 847 972 cam,
881 903 915 956 ut
950 902 1002 958 aut
1033 894 1210 955 cousuetudo
1243 899 1295 952 aut
1322 894 1454 952 actiones

283 1001 443 1076 complures
472 998 575 1060 eodem
605 1003 734 1073 tempore
766 998 898 1059 accidere
931 996 1119 1071 significetur.
1151 997 1219 1072 Ipso
1239 999 1270 1057 in
1293 1013 1380 1057 versu
1399 995 1453 1069 IV,

286 1105 335 1178 10,
358 1104 409 1177 33,
441 1100 492 1160 ubi
523 1099 752 1174 conjunctionem
777 1096 893 1177 ,dum“,
914 1103 999 1162 aliter
1033 1107 1121 1172 atque
1151 1101 1183 1160 in
1202 1116 1290 1176 prosa
1310 1099 1453 1172 credone,

283 1201 484 1280 inperfectum
506 1204 645 1278 seqnitur,
666 1204 797 1264 consulto
817 1210 907 1280 poem
924 1206 967 1264 ita
985 1203 1098 1264 ridetur
1115 1205 1312 1278 scripsisse-
1327 1202 1358 1262 id
1374 1201 1454 1276 qood

284 1324 320 1367 ex
355 1324 409 1366 usu
440 1305 522 1398 prbi
552 1307 679 1366 iterativi
706 1306 841 1381 pulsandi
871 1324 924 1381 pro
956 1307 1077 1380 simplici
1097 1306 1223 1380 pellendi
1243 1306 1337 1366 clucet
1358 1337 1397 1348 -
1418 1309 1453 1364 ut

284 1409 492 1483 repetitionem
513 1407 636 1467 actionis
657 1409 820 1467 accuratius
841 1407 1031 1468 describeret:

456 1509 608 1585 ,Dumque
629 1509 705 1569 aries
726 1525 837 1570 murum
859 1528 949 1572 cornu
968 1510 1122 1585 pulsabat
1142 1510 1235 1571 aheno
1254 1538 1289 1548 -

456 1654 464 1673 .
489 1656 496 1668 .
519 1609 623 1670 Cossus
645 1612 687 1670 ait
709 1655 716 1670 .
739 1654 747 1670 .

368 1713 453 1774 Vices
486 1709 649 1786 imperfecti
681 1717 711 1772 st
742 1711 864 1787 perlecti
897 1729 960 1773 eam
982 1712 1018 1774 ob
1039 1729 1154 1772 causam
1175 1713 1319 1772 mentione
1340 1713 1452 1788 dignes,

288 1816 364 1888 qnod
397 1817 490 1890 primo
513 1814 627 1874 obtuitu
648 1813 781 1874 videntur
803 1813 841 1874 ad
863 1833 949 1874 unum
971 1821 1058 1888 atque
1078 1814 1155 1875 idem
1175 1822 1287 1890 tempus
1307 1818 1453 1890 pertinere

284 1934 332 1977 res
359 1923 444 1978 actae
466 1916 602 1978 exhibent
622 1931 711 1977 veras.
733 1916 886 1976 monobibl.
911 1920 938 1990 3,
952 1921 987 1976 21
1012 1933 1092 1990 seqq.
1115 1911 1198 1992 (ibid.
1220 1921 1258 1976 41
1282 1913 1358 1993 sqq.)

473 2017 531 2094 ,Et
551 2017 636 2078 modo
659 2017 823 2078 solvebam
844 2024 943 2079 nostra
963 2019 999 2078 de
1019 2017 1113 2079 fronte
1135 2021 1257 2080 corollas

469 2120 673 2193 Ponebamque
698 2121 764 2195 tuis,
787 2120 919 2195 Cynthia,
941 2121 1126 2197 temporibus,

467 2222 509 2283 Et
529 2222 615 2283 modo
634 2223 819 2296 gaudebam
839 2224 935 2298 lapsos
956 2222 1081 2284 formare
1102 2225 1230 2298 capillos,

469 2323 552 2384 Nunc
572 2323 679 2385 furtiva
700 2326 778 2385 cavis
799 2341 886 2400 poma
907 2325 1035 2385 dabam
1056 2327 1196 2400 manibus,

472 2424 630 2498 Omniaque
650 2427 764 2500 ingrato
786 2427 946 2500 largibar
965 2439 1085 2487 munera
1105 2444 1205 2489 somno

471 2629 512 2688 Et
532 2630 663 2702 quotiens
684 2646 751 2690 raro
774 2631 876 2690 duxti
894 2633 1017 2704 suspiria
1039 2637 1127 2707 motu,

470 2731 623 2806 Obstupui
644 2748 717 2792 vano
739 2733 870 2793 credulus
891 2736 1018 2808 auspicio
1043 2779 1048 2792 .
1071 2779 1078 2794 .
1103 2777 1110 2792 .

370 2833 506 2894 Videmus
535 2834 637 2894 iudea
658 2851 742 2895 versu
765 2839 802 2894 21
826 2837 974 2908 usquead
996 2855 1021 2895 v.
1048 2839 1086 2896 25
1109 2842 1220 2911 tempus
1243 2833 1449 2909 imperfectum,

289 2941 349 2995 tum
369 2935 464 2996 subito
486 2937 517 2996 in
537 2954 562 2997 v.
587 2939 626 2996 27
650 2944 680 2997 et
698 2941 737 2996 26
761 2937 919 3012 perfectum
937 2941 1077 3013 usurpari.
1099 2939 1270 2998 Accuratins
1288 2942 1450 3010 spectantes

285 3053 322 3099 ne
343 3039 389 3097 hic
409 3038 524 3116 quidem
541 3039 578 3098 eb
593 3056 646 3100 usu
665 3041 804 3101 orationis
818 3041 960 3116 pedestris
978 3043 1097 3102 cessisse
1111 3048 1228 3115 poetam
1244 3040 1448 3112 intellegemus.

372 3140 540 3201 Actionibns
562 3143 647 3218 enim,
682 3159 756 3216 quae
776 3149 976 3217 permanentes
996 3143 1140 3218 linguntur
1160 3144 1239 3204 velut
1259 3143 1387 3203 solvendi
1407 3143 1451 3203 vel

288 3240 376 3300 dandi
398 3248 429 3302 et
450 3243 539 3302 animi
561 3243 706 3304 affectioni
726 3245 870 3317 gaudendi
891 3260 937 3304 res
959 3252 1141 3318 opponuntur
1161 3262 1246 3322 quae,
1273 3247 1400 3318 quamvis
1421 3252 1450 3305 et

285 3345 366 3417 ipsae
393 3350 570 3421 repetantur,
597 3349 720 3420 speciem
751 3347 846 3407 subito
868 3347 995 3406 iuuandi
1014 3347 1135 3422 perfecti
1155 3348 1245 3423 ipsius
1265 3349 1448 3423 usurpatione

285 3461 356 3520 prae
377 3463 408 3506 se
429 3445 532 3508 lerunt.

715 3613 1019 3622 Μ...

770 3825 956 3883 Perfectum.

368 3998 531 4063 Perfectum
564 4008 593 4062 et
624 4003 748 4063 maxime
776 4003 937 4077 perfectum
959 4007 1036 4079 qnod
1057 4007 1221 4068 historicum
1243 4015 1363 4070 vocatur
1383 4029 1448 4073 raro

283 4104 314 4163 in
347 4104 519 4164 carminibus
555 4106 670 4166 creticis
701 4106 759 4178 legi
792 4124 846 4180 per
867 4125 897 4170 se
919 4111 1013 4184 ipsum
1034 4111 1223 4184 intellegitur3
1236 4127 1338 4185 eoque
1355 4117 1448 4176 ramus

284 4204 362 4278 apud
388 4205 569 4280 Propertium
603 4205 763 4282 exhibetur,
795 4210 872 4281 quod
903 4228 967 4272 enm
1000 4212 1057 4271 alia
1090 4227 1203 4285 quoqne
1235 4219 1369 4288 temporo
1395 4235 1447 4292 pro

283 4303 412 4382 perlecto
446 4325 584 4388 usurpare
617 4308 753 4370 videmus.
790 4312 885 4388 Atque
916 4314 1081 4376 historicum
1112 4313 1270 4390 perlectum
1295 4333 1359 4377 cum
1380 4319 1448 4381 nibil
