3096 4946
671 435 710 494 23

101 629 218 675 versum
245 613 371 675 editores
405 620 507 676 contra
533 623 620 689 atque
648 595 786 678 nuditum
815 625 860 680 cst
888 625 939 680 ant
968 621 1115 682 eiecerunt
1143 626 1194 682 ant
1220 619 1278 682 alio

99 718 166 778 loco
188 721 348 791 posuerunt
368 723 420 776 ant
440 719 626 780 mutilarunt:

189 838 248 899 Per
269 844 371 899 tennes
394 854 481 898 ossa
502 845 569 899 sunt
590 846 741 901 numerata
763 846 852 901 cutes.

187 957 290 1031 Neque
305 951 386 1019 satis.
403 958 465 1018 Iam
480 960 555 1019 enim
567 958 779 1036 Lachmannns,
794 974 878 1033 qoem
893 976 985 1035 nuper
994 959 1104 1023 Bittius
1112 955 1136 1037 1)
1155 968 1270 1023 secutus

101 1065 157 1138 est,
179 1076 216 1121 ex
236 1061 285 1120 illo
307 1077 392 1121 versu
414 1060 463 1133 211,
485 1057 607 1136 1121)
628 1063 755 1138 collegit,
777 1077 903 1136 carmen,
926 1078 982 1136 quo
1004 1062 1080 1123 idem
1097 1065 1268 1137 continetur,

101 1163 191 1223 tertio
208 1162 283 1223 libro
298 1161 518 1223 adscribendum
534 1179 610 1235 esse;
628 1169 750 1237 aposta
767 1169 829 1223 tum
844 1169 957 1223 tantum
970 1165 1013 1222 ita
1032 1164 1119 1224 scribi
1134 1166 1275 1242 potuisse,
1389 1143 1396 1156 ⁸
1439 1126 1443 1134 ι

102 1266 128 1324 11
149 1270 201 1325 aut
222 1267 252 1324 in
274 1263 450 1325 conficiendo
473 1265 560 1325 tortio
581 1264 655 1326 libro
671 1273 747 1327 esset
766 1272 817 1326 ant
834 1282 899 1326 enm
917 1267 974 1325 iam
989 1265 1169 1327 absolvisset.
1189 1264 1276 1342 Quod

102 1372 207 1426 contra
227 1359 366 1441 Reiscb²l
388 1368 525 1441 exemplis
542 1367 658 1428 aliunde
676 1369 772 1427 allatis
792 1366 883 1440 ,tresl
907 1368 1009 1428 codem
1024 1384 1109 1428 sensu
1126 1385 1161 1428 ac
1183 1389 1272 1440 ,noa-

101 1467 193 1528 1111·ιι
218 1469 467 1542 interpretandum
488 1486 550 1530 csse
572 1469 735 1543 contendit3
759 1475 855 1545 negat,
878 1485 914 1531 cx
935 1471 980 1528 bis
1000 1468 1095 1530 verbis
1116 1470 1271 1543 quidquam

102 1570 141 1630 de
160 1571 317 1645 partitione
338 1570 477 1630 librorum
501 1586 586 1644 posse
615 1572 727 1644 colligi;
756 1572 780 1630 si
810 1572 873 1644 quis
902 1571 1058 1644 colligeret,
1087 1571 1274 1631 statuendam

104 1689 179 1748 esse,
200 1672 384 1746 Propertium
406 1679 467 1733 tum
488 1673 546 1731 iam
567 1680 626 1732 tres
643 1673 733 1733 libros
754 1673 888 1736 habuisse
910 1671 1064 1733 confectos.
1084 1672 1180 1733 Falso.
1200 1672 1275 1733 Nam

103 1791 156 1834 car
187 1779 324 1849 politam,
364 1772 458 1846 ,aad
485 1794 548 1833 mea
577 1775 619 1833 sic
647 1795 755 1853 mayoc
785 1774 881 1835 dicere
910 1781 1059 1849 putemus,
1091 1774 1147 1833 nisi
1175 1779 1278 1848 postea

103 1892 255 1937 nnmerum
277 1883 387 1936 certum
402 1874 504 1936 addit?
527 1876 639 1936 Deinde
654 1878 836 1937 coniunctivo
855 1878 1088 1951 expectationem
1102 1876 1195 1936 inesse
1213 1876 1277 1949 quis

103 1994 162 2038 non
184 1977 263 2038 videt
293 1978 424 2052 eandem,
453 1993 538 2050 qnam
567 1979 681 2052 saepius
709 1978 924 2039 intelleximus?
955 1977 1172 2038 uomunctivun
1199 1971 1277 2038 'enim

110 2077 179 2150 ,sid
206 2079 432 2140 conservandum
454 2094 517 2139 esse
541 2081 680 2139 concedet
702 2082 829 2153 quisquis
850 2095 967 2139 carmen
988 2085 1099 2140 attente
1121 2079 1225 2152 legerit
1246 2086 1278 2140 ct

104 2182 345 2254 cognoveritque
362 2179 570 2253 aequabilitate
584 2185 676 2254 poeta
690 2198 757 2241 usus
770 2187 928 2256 praecepta
943 2181 981 2241 ad
999 2179 1083 2242 funos
1100 2182 1278 2257 pertinentia

103 2289 157 2342 ant
177 2283 359 2344 coniunctivo
380 2288 431 2343 aut
451 2281 548 2342 futuro
569 2283 717 2343 indicativi
738 2285 889 2357 exprimat.
912 2283 985 2344 Sunt
1003 2290 1100 2344 antem
1118 2283 1274 2345 verborum

103 2384 215 2445 formae
246 2385 318 2445 bae:
348 2385 498 2460 spatiatur,
532 2390 688 2460 sternatur,
721 2386 759 2444 sit
787 2387 865 2459 nixa,
897 2385 981 2460 desit,
1009 2385 1113 2445 adsint.
1146 2384 1276 2445 Deinde:

102 2488 241 2561 sequeris,
262 2483 360 2561 lucris,
382 2502 482 2560 pones.
507 2484 556 2560 (cf.
576 2504 605 2561 p.
632 2488 679 2548 15.
700 2486 728 2545 d.
752 2483 793 2560 n.)

193 2607 233 2664 At
243 2622 279 2666 ne
296 2607 414 2665 nimium
430 2622 466 2667 ex
480 2607 535 2666 hac
549 2607 750 2680 expectatione
766 2606 969 2666 concludamus
980 2605 1094 2665 videtur
1108 2604 1275 2665 cavendnm.

102 2709 168 2766 Iarn
191 2708 265 2766 enim
287 2708 318 2766 in
339 2708 465 2769 secundo
486 2711 644 2768 carminum
670 2709 745 2768 libro
774 2707 933 2777 scribendo,
968 2707 1097 2779 quamvis
1126 2705 1224 2781 sciret,
1253 2707 1278 2766 si

102 2810 164 2868 vita
196 2815 335 2882 maneret,
369 2826 467 2870 amore
502 2810 556 2869 sibi
588 2812 737 2870 materiem
767 2812 857 2870 multo
886 2810 1054 2884 ampliorem
1084 2807 1122 2867 ad
1150 2808 1278 2868 carmina

102 2911 238 2972 facienda
252 2911 352 2970 datum
366 2912 414 2986 iri,
429 2912 571 2971 modestia
589 2912 714 2985 quadam
733 2912 876 2972 adductus
894 2912 990 2972 dicere
1008 2915 1125 2984 poterat
1137 2909 1173 2969 de
1185 2909 1277 2968 tribus

101 3014 217 3087 libellis,
246 3020 278 3072 nt
307 3015 389 3086 qnasi
418 3015 530 3074 culmen
555 3030 710 3089 summum,
742 3015 819 3086 qnod
841 3030 872 3074 sc
894 3027 1114 3073 conscensurum
1136 3017 1277 3086 sperarat,

103 3114 289 3190 significaret.

187 3236 245 3296 Sed
265 3235 342 3295 unda
363 3249 479 3308 egressa
502 3241 546 3294 est
568 3240 632 3295 tota
653 3236 725 3295 baec
746 3235 904 3308 sententia,
937 3237 969 3292 nt
989 3237 1178 3305 revemamur,
1202 3230 1293 3312 desi·¹

102 3339 201 3414 dorda,
214 3353 287 3412 quac
301 3339 483 3410 negationem
497 3351 530 3395 cc
537 3338 658 3410 1111111,
673 3337 823 3410 proprium
835 3333 979 3407 quoddam
991 3333 1151 3406 exemplum
1162 3331 1276 3392 addam.

187 3458 274 3518 Hand
295 3458 370 3517 enim
392 3457 453 3515 sine
484 3454 653 3527 ambagibus
675 3460 798 3527 negatur
820 3455 850 3512 in
864 3471 890 3514 v.
912 3445 1072 3526 11‚4,1sa
1100 3467 1135 3522 ,a
1157 3450 1227 3510 mibi
1251 3451 1276 3510 si

102 3562 167 3634 quis
193 3561 305 3620 venerit
327 3560 402 3619 alter
422 3573 504 3616 amor
521 3557 539 3615 i.
559 3573 585 3616 1.
612 3558 739 3626 ,utinam
756 3572 793 3615 na
810 3549 951 3616 renerit“.
974 3553 1064 3614 Usum
1084 3553 1270 3629 singularem,

104 3669 135 3723 et
156 3678 221 3722 cam
243 3661 279 3722 ob
303 3676 419 3721 causam
438 3659 584 3718 mentione
607 3658 734 3732 dignam,
758 3657 834 3731 qnod
856 3658 979 3717 sermoni
1000 3659 1099 3715 111111
1121 3655 1276 3715 vernaculo

101 3763 180 3823 baud
201 3762 346 3822 dissimilis
367 3766 421 3834 est,
442 3761 472 3818 in
493 3777 519 3819 1.
536 3759 586 3833 IV,
606 3763 634 3833 7,
654 3762 693 3819 30
710 3758 862 3820 videmus:
898 3757 946 3828 ,Si
974 3756 1067 3830 piguit
1082 3761 1183 3831 portas
1201 3757 1277 3815 ultra

101 3865 271 3940 procedere,
295 3869 327 3921 at
346 3862 414 3922 illuc
434 3861 616 3920 iussisses
635 3903 641 3920 .
664 3861 753 3921 .ire.
773 3877 804 3929 .;
828 3860 876 3932 qui
898 3858 1094 3918 coniunctivns
1108 3857 1184 3918 idem
1198 3858 1277 3917 valet

195 4155 214 4214 ¹)
233 4156 285 4203 Das
304 4155 389 4204 antlke
408 4153 567 4213 Bnohwesen,
580 4165 606 4213 p.
621 4154 673 4201 410
689 4156 714 4200 11
726 4151 881 4212 argumentis
897 4151 1059 4200 ecarmlnnm
1072 4148 1276 4199 antecedentium

102 4249 192 4294 natura
210 4243 326 4292 collectis
344 4247 419 4303 atque
437 4241 517 4288 unctis
536 4239 564 4287 ln
582 4239 650 4289 Mus.
669 4239 748 4290 Rben.
770 4241 811 4296 38,
830 4254 854 4303 p.
878 4240 926 4290 190
947 4251 1000 4305 sqq.

190 4330 215 4396 ⁹)
235 4331 338 4382 Wiener
355 4328 466 4383 Studien
488 4329 563 4389 latu,
585 4329 608 4391 l,
627 4341 683 4395 pag.
703 4330 735 4376 94
755 4328 782 4382 tt,
