3096 4946
851 429 889 488 10

287 607 384 671 futuro
402 618 538 685 sequente
559 629 702 686 nunquom
724 631 780 675 non
801 615 960 690 perfeetum
982 616 1115 689 usurpari
1136 620 1314 674 annotamus.
1349 614 1389 674 Et
1421 615 1451 674 id

289 713 403 786 quidem
439 722 528 791 recte,
562 719 587 775 si
613 717 649 777 de
672 719 780 792 optime
802 721 950 792 utriusque
971 720 1086 791 linguae
1105 734 1192 792 prose
1215 718 1345 778 oratione
1366 733 1451 790 oges3

289 817 382 876 minus
401 824 490 894 recte,
514 835 577 878 cum
599 820 635 879 eb
655 821 784 880 omnibus
802 822 938 882 Romenis
957 823 1128 897 accuratius,
1148 837 1232 894 quem
1250 837 1301 880 nos
1319 821 1450 893 solemne,

289 917 396 978 dictum
417 936 480 980 esse
501 923 667 982 contendas.

372 1040 434 1099 iem
470 1043 544 1102 enim
583 1044 646 1116 ipsa
681 1045 818 1118 temporis
851 1045 926 1119 illius
960 1042 1052 1103 forma
1090 1060 1147 1103 non
1178 1044 1309 1104 omnibus
1339 1042 1454 1103 dicendi

289 1142 441 1213 generibus
475 1143 576 1204 eodem
601 1145 685 1205 modo
708 1152 753 1204 est
773 1152 842 1220 epte
865 1153 894 1206 et
916 1152 1031 1220 poetam
1052 1148 1184 1221 menime,
1207 1147 1287 1205 cuius
1309 1144 1454 1204 interdum

289 1244 418 1320 interest,
450 1251 482 1306 ut
514 1263 672 1307 sermonem
699 1248 873 1308 cotidianum
895 1250 1032 1325 imitetur,
1054 1264 1194 1322 quemque
1215 1248 1345 1307 similiter
1367 1263 1454 1321 prce·
1528 1233 1529 1240 ἵ

289 1344 363 1407 senti
394 1363 448 1421 pro
480 1348 576 1409 futuro
599 1351 642 1410 uti
662 1350 794 1427 vidimus,
815 1350 974 1425 perfectum
995 1369 1049 1425 pro
1070 1351 1166 1412 tuturo
1189 1357 1291 1410 erecto
1313 1366 1454 1424 usurpare

289 1467 346 1509 non
381 1452 525 1510 miramur.
563 1453 620 1512 Sed
654 1459 694 1528 nt,
729 1470 785 1527 qno
804 1455 905 1514 tendet
927 1457 1029 1528 oratio,
1051 1456 1149 1513 statim
1171 1454 1274 1528 dicem,
1296 1453 1332 1514 de
1354 1453 1455 1513 ordine

289 1569 422 1613 versuum
444 1569 459 1614 e
485 1558 533 1614 10.
568 1556 635 1615 libri
657 1555 685 1614 ΙΙ
719 1558 827 1616 osiris
851 1557 942 1617 doctis
965 1558 1121 1616 dubitetur.
1145 1556 1215 1616 Cum
1237 1557 1311 1616 enim
1334 1561 1454 1628 constet,
1529 1557 1530 1560 ’

289 1672 377 1715 verss.
400 1659 418 1714 7
441 1664 470 1715 et
491 1659 519 1730 8,
553 1658 654 1730 quibus
686 1665 777 1732 poete
808 1660 888 1734 dicit,
919 1676 950 1719 se
985 1660 1061 1720 bello
1091 1665 1187 1720 eetute
1220 1659 1373 1732 posteriori
1409 1659 1457 1717 vei

295 1753 473 1834 „extreme“‚
496 1777 570 1819 nunc
592 1767 688 1820 sutem
710 1762 837 1822 Veneres
860 1769 1019 1837 centorum,
1041 1763 1115 1822 mole
1137 1779 1201 1821 cum
1218 1761 1456 1820 antecedentibus

291 1868 321 1922 et
356 1862 550 1937 sequentibus,
587 1864 689 1936 quibus
721 1866 832 1924 initium
854 1866 988 1924 carminis
1008 1865 1156 1924 nobilioris
1178 1865 1265 1939 cepit,
1287 1878 1455 1936 consonare,

291 1965 498 2024 Heimreiobius
527 1967 591 2025 illos
625 1983 722 2026 versus
754 1970 867 2027 omniuo
890 1968 1035 2042 delendos,
1057 1967 1165 2026 Birtius
1183 1973 1249 2040 post
1271 1983 1382 2026 versum
1406 1969 1457 2023 20.

291 2067 473 2128 collocandos
505 2070 623 2143 censuit,
660 2071 764 2144 quippe
797 2073 845 2144 qui
876 2073 981 2144 optime
1017 2087 1104 2130 verss.
1139 2073 1175 2128 19
1209 2076 1239 2128 et
1260 2073 1308 2130 20.
1342 2085 1457 2128 sensum

295 2172 495 2230 continuarent
504 2163 537 2247 ¹),

376 2292 429 2351 Cui
461 2293 644 2352 collocationi
678 2293 793 2352 obstare
821 2293 934 2352 videtur
955 2289 1113 2365 perfectum
1137 2292 1262 2365 „scripto
1284 2284 1358 2363 est“‚
1380 2290 1457 2362 quod

290 2396 423 2456 nimirum
445 2396 537 2468 primo
559 2394 671 2454 obtuitu
691 2395 904 2468 interpreteris:
928 2391 1051 2470 (nriege
1069 2393 1162 2453 werde
1176 2393 1222 2452 ich
1241 2392 1387 2466 nesinges,
1407 2386 1456 2455 da

289 2497 381 2556 meino
404 2495 534 2556 Geliebte
555 2491 676 2570 bereits)
700 2495 844 2570 besnngen
865 2496 980 2556 worden
1002 2490 1071 2561 ist“
1090 2487 1137 2568 ²)·'
1233 2495 1234 2500 ’

375 2617 431 2676 Sed
454 2617 570 2677 videtur
590 2621 711 2675 mutum.
735 2615 809 2674 Nem
831 2617 854 2674 si
878 2617 1010 2689 exemplo
1031 2616 1191 2674 huiusmodi
1209 2615 1360 2688 respicies

332 2736 388 2794 mb.
414 2736 462 2811 17,
481 2739 535 2795 27:
560 2736 591 2796 Si
613 2735 748 2807 quondo
770 2741 880 2794 vestras
902 2736 1002 2795 lebens
1026 2737 1114 2795 Amor
1136 2735 1262 2808 attigit
1283 2734 1383 2807 nudes,

332 2858 493 2917 Mansuetis
514 2859 592 2917 socio
615 2857 757 2930 parcite
779 2855 921 2915 litoribus.

334 2978 384 3053 IV,
409 2980 452 3053 lb,
473 2981 545 3037 139:
582 2978 658 3036 Nom
692 2975 745 3035 tibi
779 2977 921 3049 uictrices,
964 2991 1147 3048 quascunque
1183 2973 1282 3032 lebore
1318 2970 1459 3044 poresti
1532 2941 1533 3006 ἕ

394 3081 546 3140 Eludet
566 3071 678 3153 palmas
701 3095 757 3138 une
778 3079 873 3152 puelle
895 3085 959 3138 tuos

332 3201 382 3275 lv,
406 3203 432 3275 2,
450 3203 508 3259 29:
533 3243 566 3260 ..
589 3217 653 3258 cum
675 3207 732 3258 est
753 3201 921 3272 imposte
943 3215 1049 3258 corono
1068 3196 1261 3258 Clomobis
1283 3194 1371 3266 copiti
1393 3193 1458 3250 vine

397 3303 507 3362 subisse
528 3319 600 3376 mco,
648 3291 653 3304 ’

294 3421 363 3464 sene
386 3405 457 3464 illud
481 3407 606 3480 „scripto
629 3399 703 3479 est“‚
728 3420 781 3478 pro
807 3405 934 3478 „scripte
952 3397 1025 3462 erit“
1047 3407 1125 3460 stere
1143 3400 1221 3459 dices
1238 3415 1339 3472 posee3
1358 3411 1459 3456 revere

293 3512 390 3566 autern
421 3524 481 3566 rem
514 3509 556 3567 ito
587 3525 617 3567 se
654 3507 761 3567 bebere
795 3508 1000 3566 sententiarum
1022 3504 1122 3563 ordine
1143 3499 1344 3571 confirmstnr;
1365 3513 1459 3570 neque

205 3677 207 3684 y
292 3613 367 3671 enim
407 3615 494 3683 poete
533 3610 611 3670 diost
649 3611 766 3683 proprie
801 3626 864 3668 cum
903 3611 1019 3686 notione
1056 3605 1192 3679 perfecti:
1231 3603 1311 3662 Belle
1347 3615 1458 3660 cenom,

293 3714 427 3786 quonism
449 3712 545 3786 puelle
565 3713 673 3786 scripte
695 3716 741 3770 set
763 3717 816 3784 est,
838 3711 896 3769 nisi
917 3710 954 3769 ob
975 3710 1029 3768 boc
1051 3709 1114 3781 ipso
1136 3713 1264 3780 tempore
1278 3705 1355 3764 bello
1373 3703 1458 3774 canit,

293 3823 323 3877 et
355 3817 462 3890 optime
494 3816 733 3888 interpretemur:
768 3814 850 3872 Belle
883 3828 984 3871 eonem
1012 3810 1250 3883 quondo-scripte
1270 3809 1334 3880 erit,
1356 3821 1459 3864 cume

294 3923 381 3993 poeta
403 3923 544 3978 tentntsm
565 3917 679 3989 quidem
700 3917 797 3990 peulio
820 3921 906 3975 entes
929 3915 1043 3972 Musam
1066 3912 1243 3985 nobiliorem,
1276 3926 1341 3969 mox
1363 3914 1460 3967 eutem

297 4024 412 4082 missum
434 4021 581 4081 videamus
601 4020 645 4079 bis
666 4018 776 4079 verbis:

294 4175 546 4186 --——-——-—

383 4263 401 4321 ¹)
422 4265 481 4322 uiro,
501 4262 546 4310 des
563 4267 613 4310 ent.
632 4261 783 4309 Bnobwcscn
801 4275 826 4320 p.
844 4263 903 4308 417.

382 4349 404 4414 ²)
428 4352 470 4400 Sic
486 4350 592 4414 Magnus
613 4349 754 4416 „Philotos
775 4346 973 4396 Wocbsnsobrift
993 4346 1067 4404 isse,
1086 4344 1126 4394 Nr.
1146 4343 1188 4402 36,
1211 4341 1283 4392 rste.
