3096 4946
831 385 870 445 18

262 566 355 628 minus
376 568 453 643 apud
474 575 602 630 nostrum
626 571 788 631 inveniatur
810 569 888 632 idem
911 569 1008 631 obstat
1028 568 1273 644 impedimentum,
1296 584 1352 641 quo
1375 568 1436 626 iam

262 671 423 744 praesentis
446 677 476 731 et
496 671 619 745 perfecti
640 673 841 733 historicorum
862 689 946 732 usum
961 672 1121 733 'admodum
1143 671 1272 745 angustis
1294 669 1436 730 inclusum

263 788 326 833 esse
348 771 452 857 finibus
472 774 602 835 uidimus.
635 775 710 836 Nam
732 792 796 834 oum
817 777 985 849 plerumque
1007 775 1126 849 singulis
1145 772 1275 834 distichis
1303 772 1436 844 singulae

263 873 465 936 contineantur
486 877 657 952 sententiae,
678 883 739 936 tum
761 892 884 952 quoque,
907 877 932 936 si
953 877 983 935 id
1005 878 1098 936 minue
1119 877 1269 950 contingit,
1292 881 1322 935 et
1339 879 1431 949 potita

262 978 507 1038 narratiunculam
535 979 661 1052 aliquam
691 980 792 1038 inserit
812 979 942 1052 carmini,
964 994 1058 1038 sermo
1080 979 1229 1038 enuntiata
1249 977 1341 1050 mage
1364 974 1433 1035 sub·

263 1080 411 1140 stantialis
438 1095 524 1152 quam
553 1080 617 1140 aliis
644 1080 712 1140 nixa
739 1079 864 1140 exhibet.
896 1080 1001 1156 ltaque
1022 1080 1067 1154 iis,
1090 1095 1165 1152 quae
1187 1093 1274 1152 sopra
1295 1082 1432 1150 tempora

264 1183 377 1256 singula
391 1187 551 1242 tractantes
563 1181 599 1241 de
616 1198 722 1254 genere
738 1182 863 1254 quodam
880 1182 1089 1242 consecutionis
1107 1180 1229 1240 diximus
1248 1175 1297 1254 (cf.
1312 1179 1439 1238 maxime

264 1282 332 1344 diss.
355 1282 391 1344 de
412 1284 525 1358 plusqp.
548 1290 577 1344 et
598 1280 650 1344 fut.
668 1281 785 1356 exacto)
797 1275 819 1354 ¹)
842 1284 888 1343 hio
909 1283 1064 1344 admodum
1085 1299 1179 1357 pauca
1200 1288 1266 1342 sunt
1288 1281 1436 1342 addenda.

265 1385 385 1446 Duobus
408 1386 484 1447 enim
504 1391 617 1445 tantum
638 1387 668 1445 in
689 1385 818 1446 versibus
839 1387 1008 1461 Propertius
1024 1415 1065 1424 --
1080 1391 1168 1459 atque
1189 1387 1220 1444 in
1241 1385 1296 1444 hac
1317 1385 1381 1457 ipsa
1403 1398 1439 1442 re

265 1504 324 1548 non
352 1489 482 1561 sequitur
511 1489 632 1548 aliorum
659 1488 894 1548 consuetudinem
914 1517 954 1528 -
975 1494 1042 1562 post
1069 1488 1299 1560 conjunctionem
1331 1483 1433 1556 „dum“

265 1595 378 1664 tempus
396 1589 601 1650 enuntiationis
619 1592 785 1664 temporalis
799 1589 997 1650 accommodat
1015 1588 1112 1650 futuro
1129 1589 1272 1649 enuntiati
1285 1587 1437 1662 primarii:

307 1690 364 1750 mb.
390 1694 513 1765 14,14:
542 1691 638 1763 „Quae
660 1697 825 1766 maneant,
848 1691 914 1751 dum
938 1708 983 1758 me
1004 1689 1065 1751 fata
1085 1692 1180 1764 perire
1201 1688 1345 1752 volent‘

310 1792 368 1852 mb.
393 1795 442 1867 14,
464 1795 519 1854 23:
546 1793 643 1866 „Quae
664 1793 734 1853 mihi
756 1794 823 1853 dum
844 1795 960 1867 placata
981 1794 1111 1867 aderit,
1133 1809 1191 1853 non
1211 1793 1270 1852 ulla
1289 1790 1441 1853 uerebor

372 1894 514 1968 Regna“;

267 1998 377 2057 scilicet
398 1997 595 2069 conjunctivus
621 1996 789 2066 „maneant“
816 1997 987 2074 profuturo
1010 2002 1064 2057 est.

358 2233 379 2296 ¹)
398 2251 424 2298 n·
445 2239 459 2283 6
478 2248 532 2297 aaa·
551 2250 575 2298 n·
600 2236 637 2284 1¹·
658 2246 711 2296 aaa·
