3096 4946
704 411 745 470 Ab

139 597 245 656 clarius
272 603 325 656 est.
337 589 362 672 ¹)
405 595 452 658 Ad
473 595 618 670 Lynceum
646 597 768 656 amicum
786 563 931 669 Propertii
958 594 1085 668 pertinet
1110 593 1159 652 ille
1182 593 1271 652 locus.
1284 583 1308 665 ²)

140 698 169 760 Is
192 703 292 760 aetate
313 700 371 760 iam
391 698 554 776 provectior
576 714 640 757 cum
663 697 814 773 cynthiam
837 698 867 756 in
889 696 1043 770 hospitium
1064 700 1211 770 receptam
1231 695 1308 754 mala

142 800 303 875 cupiditate
331 806 502 874 temptasset
522 806 675 860 accusatur
696 817 714 860 a
735 805 835 860 nostro
855 800 953 859 laesae
970 797 1054 870 fidei3
1086 801 1119 858 at
1136 799 1221 858 venia
1238 796 1309 858 data

141 903 311 976 Propertius
333 903 483 962 occasione
504 899 627 962 feliciter
653 903 751 962 oblata
771 903 872 976 utitur,
900 905 933 960 ut
956 901 1012 960 dm
1034 901 1141 961 amoris
1161 899 1310 974 praedicet

143 1010 174 1064 et
202 1004 317 1080 Lynceo
345 1005 453 1077 elegias
481 1004 670 1080 commendet,
698 1004 908 1078 philosophiam
937 1008 968 1063 et
994 1002 1108 1062 Musam
1136 998 1310 1063 seueriorem

140 1106 317 1182 dissuadeat,
340 1107 423 1166 simul
445 1106 560 1178 oblique
582 1108 726 1180 stringens
749 1123 814 1168 eum
836 1107 932 1167 verbis
955 1106 1026 1166 satis
1047 1105 1204 1178 ambiguis:

228 1209 295 1286 ,Nil
313 1211 394 1270 iuuat
414 1209 445 1268 in
465 1225 569 1283 magno
589 1215 688 1270 noster
709 1226 808 1270 amore
836 1206 955 1284 senex‘,
982 1209 1088 1282 quippe
1117 1222 1191 1278 quae
1213 1212 1243 1266 et
1271 1205 1309 1264 ad

139 1312 313 1386 Aeschylum
340 1305 493 1384 (siquidem
523 1319 602 1372 recte
623 1313 728 1385 legitur
751 1305 918 1384 fflrcltlei)
941 1316 971 1371 et
990 1309 1029 1370 ad
1048 1312 1142 1384 ipsum
1162 1308 1309 1383 Lynceum

139 1415 285 1490 pertinere
306 1419 435 1486 possunt.
457 1413 613 1474 Dissuadet
633 1420 730 1474 autem
752 1414 879 1474 carmina
909 1411 1026 1486 grandis
1048 1412 1115 1486 styli
1132 1411 1177 1470 bis
1197 1409 1306 1470 verbm:

181 1534 208 1577 v:
233 1518 281 1576 33.
306 1515 368 1574 Iam
390 1529 491 1574 cursus
510 1515 580 1575 licet
600 1517 697 1575 Aetoli
718 1514 828 1575 referas
850 1514 980 1585 Acheloi,
1017 1557 1019 1562 ,

306 1616 438 1676 Fluxerit
459 1622 492 1676 ut
512 1632 646 1691 magno
667 1623 762 1680 tactus
784 1632 906 1677 amore
927 1617 1031 1690 liquor,

309 1719 405 1790 Atque
427 1719 515 1778 etium
536 1725 570 1778 ut
590 1719 719 1796 Phrygio
741 1717 831 1779 fallax
850 1717 1023 1778 Maeandria
1045 1732 1147 1790 campo

309 1819 399 1878 Errat
421 1820 535 1893 etipsa
556 1836 622 1880 suas
645 1820 752 1896 decipit
772 1820 850 1880 unda
869 1821 941 1894 uias,
980 1885 982 1890 ,

309 1921 408 1993 Qualis
430 1929 460 1982 et
482 1922 602 1982 Adrasti
622 1922 710 1983 suerit
731 1924 839 1983 vocalis
860 1923 950 1985 Arion

308 2023 416 2084 Tristia
438 2023 476 2083 ad
499 2024 671 2086 Archemori
693 2024 795 2086 funem
816 2026 908 2086 victor
932 2038 1039 2101 equos:

306 2123 372 2184 Non
396 2121 588 2198 Amphiareae
612 2127 725 2200 prosint
747 2126 801 2186 tibi
822 2123 884 2185 fata
905 2124 1139 2199 quadrigae...

225 2225 363 2286 Videmus
383 2228 450 2300 iam,
481 2243 537 2300 quo
560 2229 662 2289 tendat
682 2231 785 2289 oratio.
812 2228 906 2289 Poeta
926 2227 1113 2299 domonstrat,
1135 2224 1309 2285 carminibus

139 2328 215 2386 illius
237 2329 350 2400 generis
372 2330 426 2388 etsi
448 2344 495 2389 res
517 2331 676 2390 amatoriae
697 2330 788 2390 intexi
810 2333 926 2403 queant,
942 2335 1039 2388 tamen
1056 2329 1147 2389 multa
1163 2329 1222 2387 alia
1239 2343 1308 2389 con·

137 2429 235 2504 timeri,
264 2443 338 2502 quae
367 2445 425 2490 non
454 2430 493 2491 ad
522 2447 648 2492 amorem
678 2433 843 2506 pertineant
872 2445 992 2502 eamque
1021 2429 1057 2490 ob
1085 2447 1201 2491 oausam
1235 2447 1308 2502 ,non

138 2529 282 2604 prosint“.

223 2632 280 2692 Sed
302 2630 444 2704 quomodo
462 2631 602 2705 legendus
624 2638 668 2692 ost
690 2649 799 2708 versus,
821 2638 853 2695 ut
875 2641 968 2696 metro
989 2650 1046 2696 non
1067 2635 1205 2697 labatur?
1236 2635 1308 2696 Pro·

137 2731 214 2795 fecto
235 2750 293 2795 non
314 2735 363 2807 ita,
386 2739 419 2792 ut
440 2733 564 2794 traditus
586 2740 631 2794 est

221 2835 288 2897 Non
308 2835 501 2909 Amphiareae
523 2837 636 2908 prosint
655 2837 709 2896 tibi
729 2835 792 2897 iata
814 2837 980 2910 quadrigae.

222 2936 324 3010 Neque
346 2953 414 2999 vero
435 2935 528 2997 forma
549 2939 741 3012 Amphiareae
763 2939 949 3000 offensionem
969 2939 1091 3014 praebet
1111 2939 1215 3011 ullam;
1241 2953 1308 2998 nam

137 3053 155 3098 e
175 3036 268 3098 forma
289 3039 411 3098 nominis
426 3019 622 3118 Ἀμφιάρης,
640 3056 725 3113 quam
741 3041 819 3115 apud
834 3042 993 3102 Pindarum
1006 3041 1089 3102 Nem.
1107 3040 1161 3116 IX,
1178 3043 1218 3100 24
1235 3041 1308 3114 lepis

137 3139 223 3202 facile
245 3140 283 3201 ad
315 3140 487 3201 adiectivum
507 3123 724 3223 Ἀμφιάρεως
745 3145 920 3219 pervenitur,
947 3160 983 3204 ex
1002 3160 1058 3215 quo
1080 3145 1216 3218 templum
1237 3144 1308 3202 Am·
1368 3196 1370 3203 .

137 3241 255 3316 phiarai
267 3241 304 3302 ad
316 3241 453 3319 Oropum,
469 3245 553 3322 onius
567 3246 707 3318 reliquiae
721 3251 821 3306 nostro
839 3247 954 3308 saeculo
971 3251 1105 3320 repertae
1116 3251 1192 3321 sunt,
1204 3260 1308 3310 nomen

135 3325 355 3424 Ἀμφιάρεων
384 3345 473 3404 duxit.

223 3447 326 3520 Itaque
348 3447 436 3507 lectio
459 3463 494 3507 ea
515 3447 607 3520 qualis
630 3445 755 3506 traditur
777 3449 941 3508 conservari
962 3454 1069 3523 posset,
1098 3449 1123 3508 si
1142 3448 1254 3508 litteras
1277 3449 1307 3508 ia

139 3563 194 3622 pro
222 3565 280 3608 una
313 3548 424 3623 syllaba
451 3549 537 3620 longa
559 3549 692 3621 accipere
713 3549 827 3622 liceret,
848 3555 881 3608 ut
902 3550 1057 3609 secundam
1078 3553 1108 3610 in
1131 3567 1212 3611 versu
1230 3553 1308 3610 arsin

138 3650 305 3724 explereut;
328 3664 413 3721 quam
435 3655 532 3709 tamen
554 3651 718 3723 opinionem
738 3651 816 3708 nullo
837 3649 941 3710 idoneo
964 3654 1094 3726 exemplo
1117 3651 1232 3712 firmare
1254 3670 1306 3728 po·

137 3752 223 3822 teris3
238 3750 317 3810 aliud
331 3752 407 3811 enim
421 3757 474 3826 est,
489 3753 521 3811 si.
538 3751 682 3824 Vergilius
701 3751 800 3824 abiete,
826 3768 899 3826 quac
916 3760 1053 3827 quattuor
1067 3754 1169 3815 breves
1180 3755 1308 3830 syllabae

137 3858 214 3928 sunt,
245 3854 329 3912 unius
355 3852 463 3926 dactyli
492 3854 556 3914 loco
585 3853 691 3928 posuit
718 3853 800 3914 Vidit
823 3853 878 3913 hoc
899 3855 931 3912 L.
955 3856 1122 3932 Muellerus,
1144 3859 1192 3930 qui
1213 3863 1307 3918 trans·

137 3955 281 4029 positione
302 3954 444 4032 syllabam
470 3984 504 3996 -
531 3970 563 4017 re
585 3957 615 4016 in
637 3957 695 4016 arsi
717 3956 885 4018 collocavit:

338 4125 391 4132 —-...

149 4245 152 4250 a
227 4210 250 4272 ¹)
268 4213 299 4260 cf.
318 4211 384 4264 hius.
404 4211 485 4261 Rhsn.
505 4213 537 4258 32
557 4215 650 4275 pili
669 4217 722 4262 not.

208 4297 230 4360 ¹)
250 4298 404 4354 Thebaidem
423 4314 438 4349 a
456 4301 556 4363 Lynceo
573 4303 693 4366 scalptam
708 4301 808 4362 colligit
819 4300 847 4354 0,
861 4301 956 4366 Haube,
970 4301 1002 4352 de
1012 4315 1090 4354 carm.
1105 4316 1143 4366 ap.
1155 4318 1180 4368 p.
1195 4306 1306 4358 29-32.
