3096 4946
832 445 873 502 22

266 623 393 682 laborem
416 655 440 662 —
459 624 645 698 imperativus
658 632 762 686 etcum
773 624 911 686 adverbio
927 621 1048 700 ,modo“
1064 619 1156 700 (quod
1165 641 1220 699 pro
1232 625 1440 698 conjunctione

274 719 463 800 ,dummodo“
488 741 552 788 esse
574 728 638 801 quis
659 745 716 788 non
733 720 851 803 vidmi)
870 733 900 788 et
920 744 985 788 cum
1006 729 1161 802 negatione
1180 721 1252 803 ,ue“
1272 725 1442 787 exhibetur:

268 826 326 886 mb.
353 831 401 902 11,
424 829 481 888 27:
507 829 572 904 ,Tu
593 832 696 890 modo
718 851 802 908 quam
820 832 948 908 primum
965 840 1119 909 comptas
1136 832 1234 890 desere
1250 822 1374 905 Bajas.“
1399 827 1443 902 11,

270 929 318 1004 lb,
341 931 395 1000 t93
424 927 485 1006 ,Tu
510 931 592 990 modo
616 932 683 989 dum
703 931 772 1004 licet,
803 952 819 990 o
836 931 972 1003 fructum
997 952 1040 991 ne
1068 934 1200 991 desere
1226 931 1302 988 vitoe
1325 931 1375 1002 16,
1401 930 1442 986 7:

270 1027 377 1102 Quare,
404 1031 431 1090 si
454 1031 546 1110 eopia,
575 1031 687 1092 oblatos
715 1053 755 1092 ne
784 1035 910 1092 desere
937 1027 1070 1092 messes.“
1096 1035 1220 1107 20,14:
1246 1034 1312 1108 ,iic
1333 1032 1443 1091 modo
1545 1079 1546 1104 ,

267 1153 306 1192 ne
329 1133 426 1192 dubito
447 1135 481 1193 de
494 1131 642 1210 probitate
655 1128 747 1194 mea.“
770 1136 829 1209 III,
846 1137 891 1208 17,
907 1136 963 1193 41:
984 1137 1048 1210 ,Tu
1062 1137 1166 1195 modo
1183 1135 1298 1194 seruitio
1317 1152 1443 1192 neotum

268 1254 310 1294 me
332 1235 419 1294 siste
442 1235 574 1312 superbo,

699 1453 1004 1462 ——-—-—..-—

516 1674 542 1731 3.
565 1674 596 1731 in
618 1674 783 1748 enuntiatis,
804 1673 906 1747 quibus
927 1673 1102 1735 desiderium
1123 1677 1206 1735 inest.

354 1857 387 1916 ln
405 1857 450 1918 bie
471 1873 584 1931 quoque
606 1859 762 1918 enuntiatis
784 1859 894 1932 elegiae
915 1859 952 1919 ab
974 1861 1096 1920 oliorum
1117 1859 1290 1932 scriptorum
1312 1876 1366 1918 usn
1381 1875 1443 1918 non
1546 1933 1547 1944 ¹

268 1957 388 2018 multum
411 1957 558 2020 differunt:
580 1959 754 2020 desiderium
776 1969 827 2020 aut
848 1963 1028 2021 coniunctivo
1044 1961 1168 2035 simplici
1186 1955 1277 2035 (uelut
1298 1955 1438 2036 ,peroet“
1546 1963 1547 2028 ἲ

268 2059 323 2118 mb.
349 2061 377 2134 6,
399 2063 447 2136 12,
476 2056 591 2136 ,iriustr‘⁸
616 2062 655 2136 II,
680 2067 708 2135 1,
731 2064 770 2120 48
792 2079 829 2121 m.
852 2080 877 2122 a.
901 2059 946 2136 ll.)
976 2069 1027 2122 aut
1055 2063 1236 2124 coniunctivo
1257 2063 1401 2137 pendente
1424 2079 1442 2122 e

268 2161 467 2223 coniunctione
488 2157 632 2237 ,udntm“
658 2165 846 2237 exprimitur3
869 2165 947 2224 velut
965 2166 1020 2223 mb.
1042 2167 1070 2238 3,
1087 2167 1142 2235 393
1161 2166 1190 2238 8,
1214 2167 1248 2237 93
1268 2167 1297 2240 9,
1313 2165 1345 2238 83
1369 2160 1441 2238 (quo

268 2261 331 2322 loco
350 2263 379 2322 id
397 2265 508 2340 mirum,
529 2265 605 2337 quod
623 2267 852 2326 coniunctionem
869 2269 999 2339 sequitur
1016 2261 1103 2341 ,nec“
1121 2267 1151 2325 in
1172 2285 1196 2326 v.
1220 2271 1277 2338 113
1298 2260 1385 2341 ,aut“
1407 2267 1441 2325 in

269 2380 293 2422 v.
321 2359 391 2440 13);
414 2366 502 2426 semel
520 2368 717 2426 coniunctivae
738 2375 823 2442 aptos
845 2375 889 2428 ost
908 2385 923 2428 e
940 2369 1027 2428 verbo
1045 2366 1183 2428 faciendi:
1206 2368 1247 2443 ΙΙ,
1266 2371 1294 2443 9,
1311 2370 1366 2426 24:
1390 2369 1442 2443 ,di

264 2467 385 2537 Jltoioat
409 2461 555 2542 froore“,
587 2468 638 2529 sed
671 2471 729 2544 ila,
763 2476 795 2530 ut
832 2487 925 2543 neque
957 2471 1137 2530 coniunctivo
1180 2464 1311 2545 ,fruare“
1348 2485 1445 2542 neque

275 2561 418 2640 ,iaciaut“
451 2571 629 2642 optationem
658 2573 762 2646 inesse,
784 2571 835 2630 sed
857 2571 1030 2632 desiderium
1052 2578 1114 2631 totu
1135 2573 1278 2632 sententia
1299 2571 1443 2632 contineri

271 2665 355 2729 focile
377 2669 571 2744 intellegatur.

355 2769 380 2828 li
401 2771 498 2844 prisco
518 2772 637 2847 liuguae
659 2775 766 2832 lalinee
789 2789 867 2833 more
888 2789 941 2847 pro
961 2773 1161 2831 coniunctione
1186 2765 1332 2846 ,utinam“
1353 2769 1445 2829 semel

274 2864 341 2946 ,ut“
366 2873 489 2946 legitur:
512 2875 552 2948 ll,
576 2880 657 2949 4,1:
677 2876 750 2944 ,His
768 2880 868 2933 saitem
887 2885 917 2932 ot
934 2885 1035 2932 censear
1052 2875 1109 2930 iam
1118 2868 1257 2950 finibns.“
1277 2874 1445 2931 iuramenta

270 2971 325 3032 bac
347 2971 455 3034 forme:
481 2977 540 3046 ,ita
561 2978 613 3035 sim
635 2974 774 3035 felix-ut.
796 3019 803 3031 .
822 2971 849 3051 “,
874 2991 948 3048 quae
968 2976 1025 3034 buo
1046 2980 1189 3049 spectent,
1209 2974 1286 3048 apud
1309 2979 1443 3032 nostrum

271 3073 341 3133 nibil
361 3077 473 3150 proprii
493 3077 649 3150 praebent:
674 3077 730 3135 mb.
757 3080 805 3152 18,
826 3081 880 3135 11:
901 3078 966 3147 „Sic
988 3076 1057 3134 anili
1070 3084 1096 3134 te
1113 3077 1230 3147 referas
1243 3076 1319 3146 levis,
1336 3084 1368 3132 nt
1384 3095 1445 3133 non

271 3177 364 3236 ultum
387 3221 416 3236 ..
440 3179 533 3237 intulit
547 3179 653 3256 pcdeo⁸
675 3180 806 3238 similiter
823 3179 861 3251 11,
878 3183 928 3253 20,
945 3181 998 3249 293
1020 3181 1070 3253 21,
1090 3181 1124 3248 93
1143 3177 1197 3252 111,
1219 3179 1266 3252 15,
1289 3182 1323 3248 ¹3
1341 3172 1394 3251 lv,
1413 3179 1444 3252 7,

274 3281 322 3338 bl.
346 3277 477 3352 Negatur
499 3281 611 3353 optatio
632 3279 721 3340 verbo
742 3281 834 3339 nolle:
861 3279 964 3350 ,11on
987 3277 1141 3338 συιόἱιιςειΙ
1169 3278 1226 3337 mb.
1251 3281 1279 3351 7,
1297 3280 1347 3339 l'l.
1369 3298 1445 3337 nan·

271 3399 355 3456 picoto
379 3381 444 3438 uelit
460 3382 573 3450 follere
594 3381 618 3455 I,
643 3383 692 3456 13,
711 3385 740 3439 t.

355 3481 389 3540 lu
408 3497 526 3542 numero
541 3483 723 3556 optationem
740 3482 795 3542 boc
812 3495 925 3552 quoque
942 3481 1122 3540 enuntiatum
1139 3481 1224 3540 uelim
1239 3480 1351 3555 baberi,
1365 3481 1445 3552 quod

271 3581 365 3642 adbuc
386 3583 474 3642 varis
495 3583 588 3643 modis
609 3601 627 3642 a
645 3584 714 3642 viris
729 3583 823 3643 doctis
838 3583 1012 3656 explicatum
1028 3598 1086 3642 uon
1103 3583 1165 3641 sine
1182 3582 1280 3654 abque
1297 3589 1444 3642 momento

270 3681 383 3742 videtur
401 3699 473 3743 esse·
498 3683 569 3744 Cum
591 3685 667 3744 euim
689 3684 814 3743 unditus
836 3684 875 3742 eit
899 3700 918 3741 a
939 3681 1084 3743 codicibus
1106 3683 1222 3757 optimis
1242 3700 1316 3743 vens
1333 3685 1373 3760 II,
1394 3687 1444 3758 13,

272 3787 329 3843 zib:
352 3783 408 3844 eos
436 3804 498 3844 tneo
525 3786 562 3844 sit
587 3805 702 3862 astupeo,
729 3787 757 3844 si
785 3795 845 3844 tres
866 3785 923 3844 sea
939 3804 1050 3861 pompa
1072 3784 1188 3843 libelli.
1212 3829 1219 3842 .
1242 3785 1369 3846 editores
1388 3785 1445 3846 hoo

271 3883 342 3944 illud
371 3885 565 3960 coniecerunt,
591 3892 625 3946 ut
653 3885 863 3960 difficultatem,
892 3901 966 3958 quae
988 3885 1179 3960 productione
1200 3885 1331 3960 syllabae
1352 3879 1445 3960 (ms-l

270 4003 328 4061 gna
349 3987 449 4060 mitur,
469 3988 616 4060 tollenone
646 4005 719 4061 quus
744 3989 860 4062 quidem
880 3989 1061 4048 coniecturas
1089 3988 1187 4046 irritas
1207 4004 1271 4048 esse
1291 3983 1440 4065 Bittius¹l

272 4105 354 4148 cusu
374 4089 528 4150 admodum
547 4091 632 4150 simili
650 4091 700 4162 IV,
723 4095 749 4151 5,
772 4094 813 4149 64
833 4091 923 4150 ullato
944 4089 1161 4162 demonstrauit,
1182 4105 1268 4161 quem
1290 4097 1321 4150 et
1342 4093 1439 4164 ipsum

359 4325 381 4384 Ι)
400 4325 491 4378 Rusio.
510 4327 573 4375 ltus.
593 4327 636 4386 ³8,
655 4340 679 4388 ι).
700 4329 759 4386 119,
777 4341 835 4376 eun.
854 4326 884 4377 ἱ.
