3096 4946
187 1567 231 1679 [n
253 1621 347 1680 anino
375 1636 439 1678 cum
460 1625 544 1693 esset,
574 1619 780 1692 Propertianae
808 1626 962 1694 syntaxeos
984 1624 1082 1698 capite¹
1104 1624 1171 1701 duo,
1194 1641 1269 1698 quae

101 1735 169 1789 sunt
191 1731 227 1790 de
247 1727 424 1802 temporibus
446 1732 476 1787 et
495 1726 597 1802 modis,
619 1733 759 1803 mantne,
781 1729 852 1788 hoec
870 1731 993 1790 maxime
1011 1733 1192 1806 respicienda
1210 1752 1272 1796 esse

100 1833 256 1906 putabam:
290 1831 422 1905 primurn,
454 1834 486 1888 ut
519 1830 724 1900 grammaticae
752 1845 837 1902 quem
865 1838 969 1892 voosnt
999 1833 1154 1896 historicae
1184 1841 1272 1910 poeta

101 1936 231 2009 inprimis
263 1934 400 1996 obscurus
433 1936 462 1990 et
493 1932 574 1991 novis
608 1930 693 1992 rebus
725 1931 843 1992 studens
877 1933 1108 2007 adscriberetur;
1146 1951 1203 2008 qua
1236 1937 1272 1998 de

100 2054 199 2112 cause,
221 2053 277 2111 quo
303 2036 408 2096 clarius
430 2035 549 2107 propria
567 2034 650 2094 huius
676 2039 782 2107 poetae
803 2051 877 2107 quoe
899 2045 995 2097 essent
1016 2045 1267 2115 cognoscerentur,

101 2140 215 2213 saepius
236 2139 273 2198 ad
295 2137 455 2210 Vergilium
476 2137 548 2196 elios
570 2133 719 2197 recurrere
737 2153 755 2196 a
779 2153 811 2196 re
828 2137 906 2197 houd
923 2140 1048 2198 alienum
1069 2156 1132 2200 esse
1153 2145 1268 2215 oensui;

100 2248 172 2316 tum,
201 2248 233 2300 ut
261 2241 298 2300 ad
328 2245 449 2313 textum,
479 2239 559 2297 cuius
580 2239 685 2299 malam
708 2239 905 2300 condicionem
929 2243 992 2313 quis
1017 2247 1061 2302 est
1082 2245 1152 2315 quin
1173 2244 1271 2304 norit?

101 2342 310 2404 emendandum
349 2356 443 2414 pauca
481 2336 658 2411 conferrem3
705 2356 762 2399 non
806 2357 862 2413 quo
908 2343 961 2402 viri
998 2343 1156 2405 doctissimi
1189 2349 1272 2407 unius

101 2445 249 2519 Propertii
279 2449 389 2503 textam
410 2443 496 2516 plane
514 2442 709 2515 neglexerint:
732 2449 913 2515 magnumst
932 2444 1009 2505 haud
1026 2447 1137 2508 irritem
1154 2465 1272 2522 operam

99 2545 314 2619 Lachmannus‚
337 2543 552 2618 Hertnbergius‚
573 2543 711 2620 lacobus,
740 2544 883 2618 Hauptius
914 2555 1064 2626 naverunt,
1095 2556 1128 2610 ut
1156 2556 1187 2611 et
1207 2552 1272 2612 avia

99 2653 205 2721 poetas
236 2648 330 2707 nostri
355 2647 457 2708 lectori
488 2647 633 2720 aperirent
663 2652 693 2706 et
722 2663 826 2720 aspere
854 2656 1066 2724 coaequareut3
1097 2652 1149 2712 sed
1178 2654 1271 2714 adhuc

99 2750 150 2821 qui
179 2750 251 2810 talia
280 2755 477 2824 susceperant,
499 2749 582 2808 nimis
611 2747 812 2810 desiderarunt
844 2748 927 2811 firma
959 2768 1035 2825 quae
1062 2755 1185 2816 minimis
1207 2757 1269 2829 qui·

99 2849 208 2924 busque
235 2850 418 2924 explorandis
438 2854 544 2922 postas
565 2851 689 2924 propriis
709 2850 905 2924 praebeantur
934 2851 1128 2916 fundanmnts.
1167 2858 1270 2932 Itaque

98 2954 124 3012 si
155 2953 194 3013 ad
226 2953 299 3014 haec
333 2951 506 3012 exstruenda
539 2951 652 3012 libellus
686 2961 785 3014 noster
820 2955 917 3028 eliqua
957 2958 1088 3019 attulerit
1119 2962 1269 3035 scripsisse

98 3061 247 3118 auctorem
268 3071 325 3115 non
346 3053 515 3129 poenitebit.

558 3291 812 3300 -μ-η-

511 3507 552 3588 d
601 3506 881 3608 Tempora

598 3678 767 3736 Praesens.

182 3808 331 3881 Quatenus
352 3809 522 3883 Propertius
543 3811 705 3884 praesentis
727 3808 865 3883 temporis
881 3805 974 3867 forma
991 3805 1030 3866 ad
1047 3807 1174 3866 actiones
1192 3823 1269 3866 mere

95 3917 263 3985 praesentes
296 3909 497 3985 significandas
529 3929 597 3973 usus
635 3914 673 3972 sit
708 3913 822 3985 longius
857 3910 1001 3984 explicare
1037 3910 1084 3970 vel
1117 3909 1197 3968 locos
1222 3925 1268 3968 ·eo

97 4013 275 4087 pertinentes
296 4027 476 4089 enumerare,
498 4014 566 4085 quie
587 4014 642 4075 hac
664 4029 697 4073 re
715 4030 772 4073 non
788 4010 884 4072 differt
900 4027 918 4071 a
937 4013 1079 4071 communi
1097 4028 1151 4071 usu
1168 4017 1267 4087 poeto,

96 4131 154 4174 non
185 4114 299 4175 videtur
327 4121 455 4175 nostrum
484 4131 554 4176 esse.
586 4118 715 4176 Aliorum
746 4131 815 4175 vero
844 4113 968 4174 notionis
997 4129 1143 4190 generum,
1165 4112 1268 4186 quibus

95 4223 147 4277 aut
172 4233 246 4290 quae
271 4218 389 4292 propria
416 4219 474 4277 sint
493 4223 610 4294 postue,
635 4224 686 4279 aut
708 4218 768 4277 eius
790 4215 934 4278 scribendi
956 4216 1001 4278 vel
1022 4216 1171 4292 contendi
1192 4216 1268 4276 ratio

94 4320 267 4381 luculentius
288 4319 462 4395 declaratur,
485 4321 593 4380 mentio
614 4318 678 4382 fieri
699 4319 795 4380 debet.
