3096 4946
674 428 713 492 tt

190 607 354 688 Sequuntur
374 615 432 673 iem
453 614 474 672 ii
495 614 561 690 loci,
585 618 688 690 quibus
710 625 822 692 tempus
840 617 978 696 futurum,
998 637 1054 692 quo
1072 621 1174 679 nititur
1195 619 1277 691 qussi

101 707 233 771 futurum
255 719 396 788 exactum,
427 715 524 787 ulique
545 706 602 778 alio
624 718 710 778 modo
733 721 912 795 exprimitur,
933 723 993 780 sire
1014 722 1194 782 coniunctiro
1217 723 1277 780 sive

101 816 252 886 praesenti
262 817 325 876 loco
337 813 426 875 futuit
436 825 585 894 usurpate,
597 825 630 880 ut
639 821 747 893 aliquid
755 827 835 881 certo
844 828 1012 882 eventurum
1020 839 1082 882 esse
1090 819 1274 894 significetur.

148 917 206 977 rub.
227 920 274 993 19,
292 920 346 978 15:
364 919 490 988 „Herum
503 923 581 981 nulla
595 929 645 983 tea
662 920 677 983 f
681 925 782 983 uerit
796 924 874 999 mihi,
889 924 1021 999 Cynthia,
1040 922 1135 984 iormo
1147 925 1273 998 (iratior,

212 1025 242 1078 et
262 1019 359 1079 Tellus
381 1021 436 1081 boe
456 1023 498 1081 ita
519 1023 596 1082 iusta
617 1019 753 1083 siuat“.

190 1121 327 1182 Similiter
347 1122 400 1182 hos
421 1139 520 1182 versus
542 1119 682 1199 explicaii
701 1125 796 1201 velim,
819 1123 923 1202 quibus
945 1139 1083 1198 praesens
1104 1126 1175 1186 illud
1197 1127 1277 1186 exbi-

104 1223 201 1297 betur,
223 1223 379 1295 quodiam
400 1241 489 1298 supra
509 1242 564 1299 pro
585 1225 683 1288 mturo
705 1243 768 1288 esse
789 1226 921 1301 vidimus,
951 1228 975 1285 si
997 1227 1106 1300 aliquid
1123 1245 1176 1302 pro
1198 1235 1278 1290 certo

104 1324 300 1398 praedicitur:

151 1425 210 1486 mb.
232 1428 284 1502 8¹³,
303 1429 361 1485 44:
386 1427 470 1502 „Sive
493 1427 554 1488 dies
575 1444 627 1488 seu
647 1445 705 1489 nox
725 1431 884 1504 venerit,
905 1429 955 1488 ills
976 1443 1040 1488 mea
1062 1427 1148 1489 est“.

149 1525 327 1603 1v‚s‚re:
355 1527 403 1598 „Si
424 1526 577 1589 luerint
598 1536 706 1606 castae,
727 1530 891 1591 redeunt
913 1574 919 1588 .
943 1528 986 1591 ‚⁴⁶

192 1628 315 1688 Prorsru
329 1631 476 1703 praesenti
497 1631 598 1690 nititur
620 1629 747 1690 futurum
767 1637 899 1692 exectum
914 1633 943 1690 io
958 1649 984 1690 v.
1005 1629 1055 1704 IV,
1076 1633 1116 1704 lb,
1143 1633 1212 1704 105,
1231 1632 1281 1702 qui

105 1746 208 1789 versus
229 1731 344 1791 omnino
364 1732 479 1791 excellit
506 1732 639 1793 lieentia:
671 1727 763 1807 (1032
792 1735 982 1808 „Hucusque
1003 1751 1157 1790 arenosum
1179 1731 1282 1807 Libyci

106 1831 194 1890 Jooir
211 1833 338 1909 explicat
352 1830 502 1906 antrum“)
521 1876 529 1891 .
551 1879 558 1894 .
580 1837 656 1894 105:
670 1835 729 1893 Aut
745 1838 771 1893 si
788 1836 850 1912 quis
863 1844 955 1894 motae
973 1833 1095 1892 cornicis
1114 1835 1281 1892 senserit

106 1931 206 1993 alas“.
229 1934 287 1994 Sed
309 1934 356 1994 bic
378 1950 501 2012 quoque,
524 1937 549 1996 si
571 1943 678 2010 poetae
700 1938 845 1996 licentiam
867 1938 962 1995 auimo
979 1937 1134 2009 sequimur,
1156 1934 1281 1993 futurum

106 2037 186 2095 inter
208 2034 365 2109 „explieat‘
391 2042 423 2096 et
449 2037 604 2108 „senserit“
632 2038 820 2112 supplendum
850 2039 962 2098 videtur
991 2037 1083 2096 velut:
1116 2031 1181 2110 (aut
1205 2033 1281 2108 quis)

107 2139 191 2212 sciet,
213 2132 252 2212 (si
273 2135 415 2211 senserit).

196 2239 350 2298 Videamus
378 2257 463 2315 nnnc,
496 2257 552 2312 quo
580 2243 643 2302 iure
673 2241 791 2314 singulis
822 2241 851 2299 iu
877 2239 1006 2299 versibus
1034 2245 1133 2297 noster
1155 2236 1281 2297 futurum

109 2346 245 2400 exactum
265 2344 456 2416 usurpaverit.
479 2343 588 2403 Prosae
611 2345 749 2404 orationis
771 2358 836 2401 euru
859 2357 977 2416 morem,
1011 2348 1043 2399 ut
1073 2340 1144 2399 illud
1170 2347 1282 2414 tempus

110 2449 164 2502 aut
184 2441 281 2502 futuro
303 2452 354 2503 aut
374 2443 504 2518 perfecto
526 2447 608 2517 qussi
630 2448 750 2520 nitatur,
774 2440 942 2517 Propertius
975 2459 1032 2501 nuo
1063 2448 1175 2502 tautum
1207 2443 1281 2516 loeo,

109 2545 163 2619 IV,
188 2543 234 2619 lb,
254 2548 312 2605 105
328 2547 414 2620 plane
428 2548 570 2620 neglexit;
592 2549 696 2608 ceteris
712 2548 783 2606 locis
801 2551 852 2605 aut
867 2543 993 2605 futurum
1008 2549 1059 2603 eut
1075 2544 1153 2603 eliud
1168 2550 1280 2617 tempus

110 2664 178 2706 cum
208 2649 325 2708 notione
353 2647 442 2708 futuri
472 2649 632 2710 exhibetur.
667 2650 777 2709 Temen
805 2664 904 2707 amore
926 2647 1051 2719 quodam
1071 2653 1203 2720 tempore
1226 2647 1283 2706 dis-

109 2747 238 2823 ponendi
259 2756 432 2809 commotum
455 2768 517 2811 esse
539 2757 678 2825 nostrum,
700 2757 733 2809 ut
756 2751 898 2810 nonnullis
917 2750 987 2809 locis
1007 2746 1133 2807 futurum
1153 2754 1285 2807 exectum

110 2852 179 2911 loco
198 2848 288 2910 futuri
309 2853 446 2926 simplicis
469 2860 622 2926 usurparet
642 2851 728 2912 facile
748 2853 933 2925 intellegitur.
957 2851 998 2910 Ut
1019 2851 1095 2910 enim
1118 2851 1284 2910 omittamus

113 2969 152 3012 ee
173 2950 271 3012 futura
292 2961 404 3030 exacta,
427 2971 502 3032 quae
524 2961 590 3015 sunt
611 2972 664 3030 pro
686 2952 799 3028 meurs,
828 2959 861 3012 ut
882 2952 993 3030 aliquid
1015 2958 1094 3012 certo
1116 2969 1178 3012 esse
1201 2969 1285 3011 eren·

110 3060 209 3113 turum
227 3053 403 3127 significetur
417 3052 575 3128 (velutmb.
594 3059 642 3131 19,
659 3061 716 3127 15;
732 3056 768 3126 ΙΙ,
784 3058 831 3130 13,
847 3051 907 3127 28),
926 3060 1079 3128 praeterea
1089 3053 1159 3112 illud
1173 3060 1286 3127 tempus

111 3157 201 3216 etism
222 3156 339 3232 legitur,
357 3158 407 3217 ubi
424 3163 513 3231 po'e'ta
529 3175 576 3219 res
595 3158 695 3218 eodem
710 3164 841 3230 tempore
860 3155 987 3230 agendas
1006 3157 1052 3215 vel
1069 3154 1183 3215 futuras
1200 3156 1286 3214 dicit:

110 3257 171 3317 mb.
184 3259 230 3333 iil,
244 3262 302 3331 443
320 3260 360 3335 11,
373 3261 401 3335 5,
417 3263 473 3332 10;
490 3260 542 3336 Ν,
560 3266 608 3335 11,
626 3256 733 3331 essse.
756 3258 848 3331 Quem
862 3258 987 3318 libenter
1003 3264 1101 3318 eutem
1119 3259 1287 3332 Propertius

114 3367 256 3438 tempore,
278 3361 315 3421 do
337 3377 394 3434 quo
415 3363 534 3436 agimus,
555 3369 665 3436 utetur,
686 3362 794 3436 optime
810 3378 826 3421 e
840 3379 865 3421 v.
885 3361 939 3435 ΙΙΙ,
961 3365 1009 3434 10,
1027 3363 1287 3434 temperetque

110 3464 143 3522 in
171 3479 258 3523 versu
284 3462 412 3523 futurum
439 3471 588 3525 exactum:
623 3470 742 3536 „exucta
764 3460 868 3522 fuerit“
894 3463 1023 3537 legimus,
1047 3463 1076 3521 in
1098 3477 1154 3534 quo
1176 3468 1288 3534 tempus

108 3562 270 3638 perfectum
291 3580 349 3625 uon
368 3568 464 3639 semel,
488 3567 539 3627 sed
560 3566 605 3626 bis
627 3566 807 3643 exprimitur.

578 3817 832 3826 ...ψη-...-

511 4034 693 4092 consecutio
711 4037 898 4104 temporum.

198 4207 279 4282 Quae
301 4209 385 4280 vulgo
407 4211 529 4267 vocetur
548 4205 713 4265 consecutio
735 4211 896 4278 temporum
918 4201 1072 4276 eiusmodi,
1100 4207 1132 4260 ut
1161 4206 1293 4273 tempore

116 4309 322 4376 enuntiationis
344 4308 532 4368 secundariae
553 4306 729 4380 temporibus
750 4305 905 4379 primariae
927 4302 1115 4363 accomodata
1133 4303 1200 4377 sint,
1219 4316 1291 4373 quo-

1076 4407 1094 4464 2
