3096 4946
835 419 873 474 14

272 591 413 672 „ricard
437 598 467 656 in
483 594 641 671 perfectum
664 593 763 674 „risit“
784 616 848 659 cum
862 599 1005 673 particula
1023 593 1088 674 „at“
1109 606 1221 660 mutata
1235 606 1329 661 erant.
1342 599 1439 678 Quam

268 701 439 774 particulam
468 701 526 760 iam
556 701 611 775 ipsi
639 702 762 777 abrupto
784 703 872 762 totuis
893 704 950 763 loci
972 705 1070 775 generi
1089 703 1203 765 dicendi
1224 705 1309 778 plane
1331 721 1436 778 repug-

271 819 342 863 nare
364 805 427 875 quis
449 819 507 862 non
526 803 629 862 videt?

309 906 358 980 lv,
382 909 509 980 9,1-3
532 905 802 980 Amphitryoniades
824 923 881 978 qua
904 912 1076 981 tempestate
1098 909 1233 968 iuvencos
1250 907 1437 980 Egerata

372 1008 544 1069 stabulis..
567 1009 685 1067 Venit

309 1109 359 1186 IV,
382 1114 411 1185 9,
428 1109 484 1177 281:
507 1110 591 1170 Tmis
613 1111 733 1171 odorato
756 1112 912 1170 luxerat
933 1112 999 1184 igne
1016 1111 1307 1173 casa..ornabat
1322 1113 1433 1174 aedem.

349 1213 433 1273 Hune
454 1229 567 1286 quoque
588 1229 701 1272 versum
722 1229 812 1287 nuper
832 1214 875 1272 ita
893 1214 1100 1274 emendandum
1118 1232 1180 1275 esse
1201 1222 1382 1290 censuerunt,
1401 1222 1435 1275 ut

215 1335 217 1340 ·
267 1331 319 1389 pro
341 1313 621 1389 plusquamperfecto
647 1310 797 1389 „luxcrot“
823 1316 981 1376 scriberent
1005 1321 1073 1392 „turc
1091 1313 1184 1377 erat“.
1209 1318 1266 1378 Sed
1287 1335 1345 1378 non
1363 1334 1435 1392 opus

268 1423 340 1493 erat,
359 1424 405 1477 tus
421 1423 562 1491 pepertuo
580 1419 711 1492 cremari,
731 1418 781 1477 sed
796 1419 884 1477 semel
898 1417 1105 1479 inflammatum
1123 1421 1211 1480 odore
1226 1436 1321 1480 casam
1333 1421 1436 1494 imple-

268 1526 377 1579 verat
394 1521 466 1594 jam,
495 1537 559 1580 cum
583 1527 681 1580 cetera
703 1520 870 1593 agebantur,
895 1521 995 1593 ltaque
1018 1521 1217 1596 explicandum
1238 1528 1297 1582 est:
1321 1523 1432 1597 „prius-

270 1638 356 1695 quam
377 1627 475 1682 cetera
496 1624 634 1683 solemnia
656 1623 824 1698 agebantur,
848 1630 894 1682 tus
916 1629 979 1683 erat
999 1611 1172 1697 crematum3
1196 1621 1229 1700 (i.
1248 1641 1273 1685 e.
1296 1622 1434 1694 luxerat.)

267 1727 399 1786 minime:
422 1725 489 1784 dum
511 1731 644 1800 aguntur,
666 1733 712 1785 tus
734 1726 915 1786 cremabatur
928 1719 960 1801 1).

351 1827 408 1888 Sed
429 1825 558 1902 profecto
580 1826 890 1902 plusquamperfectum
912 1846 969 1889 non
987 1829 1116 1890 omnibus
1133 1831 1213 1903 locis,
1228 1828 1277 1888 nbi
1295 1845 1348 1903 pro
1365 1843 1432 1901 per-

266 1927 342 1988 feeto
364 1931 476 2003 legitur,
498 1947 515 1989 e
536 1930 722 2004 dispositione
743 1937 903 2005 temporum
925 1933 1061 2006 explicari
1082 1949 1166 2007 posse
1189 1931 1385 2002 concedemus,
1407 1931 1434 1988 si

267 2047 365 2091 versus
386 2032 547 2092 huiusmodi
568 2033 768 2107 respiciemus:
895 2111 897 2116 ,

308 2134 361 2208 111,
383 2137 465 2210 8,1:
490 2135 605 2209 „Dulcis
630 2135 668 2194 ed
692 2135 840 2194 hesternas
871 2134 965 2196 fuerat
997 2137 1065 2194 mibi
1097 2136 1160 2194 rixa
1186 2128 1358 2206 lucernas“;
1381 2133 1434 2193 sed

266 2253 329 2294 eum
358 2236 404 2295 hie
435 2253 488 2310 pro
516 2235 645 2310 perfecto
675 2238 808 2310 suppleas
838 2238 867 2296 id
896 2244 1017 2311 tempus,
1048 2253 1104 2309 quo
1134 2238 1302 2297 recordatus
1335 2241 1434 2296 noster

266 2339 345 2399 illam
365 2341 457 2398 fixam
479 2339 589 2399 dulcem
606 2337 693 2398 luisse
710 2342 793 2412 quasi
808 2340 901 2401 denuo
920 2343 1056 2400 sentit-
1073 2357 1147 2412 quae
1164 2340 1278 2413 quidem
1292 2339 1431 2400 memoria

268 2443 415 2514 quamsit
441 2442 536 2501 vivida
559 2443 645 2501 etiarn
674 2443 849 2516 temporibus
877 2444 1076 2517 praesentibus
1101 2459 1232 2503 versuum
1254 2443 1434 2514 sequentium

267 2550 440 2619 apparet-
456 2551 558 2604 contra
579 2546 608 2604 in
630 2564 656 2605 v.
678 2546 732 2621 III,
758 2548 805 2620 18,
820 2546 874 2605 15:

472 2645 601 2721 „Occidit
612 2651 641 2706 et
654 2648 758 2707 misero
771 2652 943 2707 steterat
957 2647 1109 2720 vigesimus
1120 2641 1228 2706 annns“

266 2746 574 2822 plusquamperfectum
601 2751 723 2809 maxime
752 2749 869 2809 offendit
895 2751 1004 2809 animos
1025 2750 1197 2824 legentium
1219 2765 1288 2809 narn
1315 2749 1340 2808 si
1368 2748 1432 2820 quis

267 2850 379 2922 occidit,
405 2867 469 2910 cum
491 2867 595 2911 occasu
619 2868 674 2926 „an
697 2867 750 2911 nus
778 2846 854 2911 stat“
878 2868 972 2929 neque
999 2858 1066 2913 ante
1087 2869 1219 2912 occasum
1239 2866 1332 2924 neque
1354 2856 1430 2924 post.

349 2952 663 3028 Plusqnamperfectnm
696 2971 712 3013 e
740 2955 939 3026 conjunctione
972 2948 1158 3028 “postquam“
1192 2954 1320 3029 pendens
1355 2952 1431 3025 quod

265 3054 354 3114 semel
379 3056 507 3130 legimus,
534 3052 655 3115 formam
682 3055 742 3114 eius
771 3057 862 3129 magis
893 3061 991 3129 aptam
1012 3063 1104 3118 metro
1125 3058 1215 3116 visam
1237 3072 1300 3117 esse
1320 3060 1428 3130 poetae

269 3158 395 3218 dicemus
416 3173 502 3230 quam
523 3155 697 3232 perfectum:

307 3259 357 3335 IV,
374 3262 404 3334 9,
422 3263 477 3320 63:
496 3262 554 3336 „At
570 3265 722 3334 postquam
740 3260 878 3320 exhausto
893 3261 953 3332 jam
972 3258 1088 3320 flumine
1105 3262 1258 3321 uicerat
1280 3264 1390 3320 aestum
1405 3300 1429 3316 ..

369 3363 478 3437 ponit
496 3363 562 3436 jnra
581 3405 615 3425 ..

348 3463 539 3524 Nihilominus
561 3471 656 3526 autem
678 3482 696 3524 a
717 3473 825 3539 nostro,
842 3465 867 3524 si
884 3467 945 3525 eius
958 3467 1086 3537 interest,
1106 3471 1138 3524 ut
1150 3465 1328 3524 celeritatem
1342 3463 1429 3536 signi·

265 3564 341 3642 ficet,
371 3583 418 3628 res
447 3573 543 3640 gestes
567 3569 699 3642 neglecto
720 3574 880 3642 temporum
902 3567 1064 3628 discrimine
1085 3565 1213 3642 perfecto
1234 3565 1333 3642 tribui,
1355 3571 1428 3626 tam

265 3683 351 3740 quam
372 3667 473 3728 eodem
494 3675 622 3743 tempore
642 3671 700 3728 sint
719 3667 824 3746 fectae,
845 3686 902 3729 non
922 3671 1088 3729 miramars

305 3770 342 3842 ΙΙ
367 3773 414 3842 29,
430 3765 541 3840 39l40:
565 3771 690 3847 „Dixit
711 3777 740 3832 et
761 3773 894 3846 opposita
912 3813 943 3830 ..
975 3771 1078 3831 dextm
1109 3770 1254 3832 Prosilit
1280 3766 1429 3845 (praesens

367 3873 534 3934 historicum
554 3874 631 3934 idem
651 3875 728 3935 valet
751 3891 785 3934 ac
806 3868 980 3949 perfectum)

264 4039 519 4050 Quom-..n

354 4147 376 4210 ¹)
396 4147 469 4198 Forte
480 4149 544 4196 milri
557 4149 675 4198 Ovidium
690 4151 823 4210 stringenti
839 4149 952 4200 eiusdem
964 4163 1024 4198 usus
1038 4151 1142 4196 occurrit
1154 4149 1298 4209 exemplum
1311 4147 1371 4196 Met.
1385 4146 1428 4204 lv,

264 4239 288 4296 6,
303 4238 352 4286 74:
372 4238 457 4285 -nisl
476 4237 542 4301 quod
561 4239 625 4286 levis
644 4253 703 4286 aura
715 4240 821 4302 capillos
835 4239 996 4299 Moverat,
1012 4243 1036 4286 et
1049 4237 1135 4300 tepido
1149 4239 1317 4286 manabant
1331 4237 1430 4284 lumina

263 4325 323 4374 fletu
338 4330 452 4393 -ratus
471 4332 537 4376 esset
554 4360 561 4374 .
581 4359 608 4378 ..
