3096 4946
620 398 680 464 ,15

164 582 238 642 Item
260 588 390 656 tempora
411 581 629 654 confunduntur,
656 581 706 641 nbi
728 580 764 642 de
786 587 914 656 tempore
929 579 1034 640 dicitur
1052 582 1184 642 universo
1202 579 1247 639 rei

80 691 197 757 genae:

123 787 159 858 Π,
185 791 234 861 14,
250 781 319 855 7s8:
345 787 424 861 „Nec
445 788 486 845 sio
507 787 666 846 incolumen
687 787 793 847 Minois
815 786 927 847 Thesea
948 787 1056 860 uidit,

166 888 337 949 Daedalium
365 891 423 948 lino
459 905 522 948 cum
550 889 622 950 duce
650 891 753 950 rexit
781 883 854 950 iter“
883 889 913 948 id
942 895 996 965 est,
1021 909 1093 966 ,qao
1122 897 1247 964 tempore

82 985 189 1063 rexit“‚
211 993 257 1052 vel
281 993 397 1068 ,aliqua
414 1001 502 1069 parte
523 996 583 1068 ejus
605 994 748 1069 temporis,
771 1013 825 1070 quo
844 1035 851 1049 .
870 986 895 1046 ·“

168 1095 271 1169 Ampla
294 1095 476 1169 Propertiani
506 1093 779 1168 plusquamperfecti
809 1101 927 1168 paracta
951 1095 1073 1154 materia
1094 1098 1247 1169 postquam

84 1214 168 1257 usum
189 1197 226 1256 ab
249 1198 368 1256 aliorum
391 1198 461 1256 satis
483 1198 607 1256 alienum
626 1200 818 1270 cognovimus,
834 1197 859 1255 si
877 1213 933 1269 qua
948 1198 1069 1269 vestigia
1084 1196 1161 1270 apud
1175 1197 1247 1255 alios

83 1316 198 1372 quoque
219 1301 394 1360 inveniamus
416 1301 543 1359 eiusdem
566 1316 632 1358 usus
654 1306 876 1360 consentaneum
897 1299 1010 1359 videtur
1031 1299 1184 1371 inquirere.
1208 1297 1249 1357 Et

84 1417 155 1461 sane
176 1401 252 1474 apud
264 1401 422 1474 Vergilium
443 1403 501 1461 tale
522 1401 589 1474 quid
610 1404 731 1462 inveniri
752 1407 833 1476 puto,
854 1417 910 1461 nou
933 1403 962 1460 in
978 1401 1106 1461 Aeneide
1121 1401 1245 1473 quidem,

84 1507 166 1564 cuius
183 1506 227 1563 rei
241 1504 302 1577 Ley
323 1506 404 1564 testis
426 1497 511 1580 est1),
534 1505 585 1565 sed
607 1507 637 1564 in
658 1504 831 1564 carminibus
852 1505 974 1563 rusticis.
995 1502 1153 1577 Dispositio
1173 1504 1247 1563 enim

84 1614 246 1680 temporum
268 1609 379 1679 qualem
400 1609 429 1668 in
451 1609 549 1681 elegiis
571 1625 633 1668 esse
656 1608 911 1668 demonstravimus
926 1613 1038 1666 exstare
1053 1605 1122 1664 mibi
1135 1605 1248 1665 videtur

85 1710 192 1782 Georg.
206 1703 402 1782 111,489l90:
416 1753 441 1769 ..
457 1720 525 1784 „aut
537 1711 564 1769 ai
578 1711 758 1786 quamferro
770 1717 985 1768 mactaverat
999 1717 1084 1766 uate
1098 1709 1248 1766 sacerdos·

84 1812 152 1870 inde
173 1832 261 1889 neque
283 1813 419 1888 impositis
441 1815 563 1874 ardeat
582 1813 692 1872 abacia
706 1803 813 1890 fibris“
842 1854 875 1870 ..
908 1811 975 1871 Sine
994 1812 1052 1870 ullo
1075 1809 1247 1870 dubiosum

84 1930 222 1988 praesens
240 1914 375 1989 ,ardent“
394 1933 447 1989 pro
469 1932 503 1976 eo
525 1931 629 1988 genere
648 1913 833 1989 permensit,
855 1930 911 1987 quo
933 1897 1171 1973 consuetudinem
1189 1913 1242 1971 ali·

87 2033 173 2089 quam
206 2015 366 2089 significare
393 2019 496 2092 solent,
525 2034 559 2078 eo
586 2018 728 2090 Vergilius
750 2017 787 2076 ab
815 2033 867 2076 usu
891 2017 1032 2076 communi
1054 2017 1150 2090 cessit,
1174 2015 1250 2087 quod

85 2120 205 2179 verbnm
232 2121 372 2179 enuntiati
397 2121 557 2180 secundarii
586 2139 642 2181 non
667 2122 758 2181 eidem
785 2122 916 2194 tempori,
938 2116 1079 2193 perfecto,
1101 2118 1151 2178 sed
1172 2119 1249 2191 plus-

87 2220 302 2295 quamperfecto
318 2221 460 2296 attribuit,
476 2222 553 2294 quod
568 2224 655 2281 etiam
666 2222 803 2282 adverbio
819 2219 919 2293 ,ante“
936 2217 1127 2280 confirmatur.
1147 2219 1249 2292 Neque

86 2325 173 2382 aliter
191 2325 257 2382 inv.
274 2325 326 2383 ecl.
345 2323 396 2399 IX,
416 2328 433 2382 7
448 2323 756 2402 plusquamperfectum
775 2322 954 2395 ,audieram“
973 2324 1015 2382 ita
1026 2323 1141 2382 ,videtur
1158 2321 1248 2395 expli·

85 2427 210 2486 candum
232 2443 304 2501 esse,
333 2431 365 2484 ut
385 2433 496 2501 tempus
516 2426 674 2500 perfectum
696 2426 883 2500 supplendum
905 2428 943 2485 sit
963 2426 1041 2485 velut
1067 2425 1249 2499 ,priusquam

84 2531 143 2590 buc
163 2532 258 2590 veni“.

519 2695 823 2703 ——ss-——a

590 2911 751 2967 Futurum.

173 3089 275 3148 Futuri
292 3091 371 3148 notio
390 3106 454 3149 cum
474 3090 654 3163 conjunctivo
669 3091 812 3149 simillima
830 3091 867 3148 sit
883 3096 1002 3164 propter
1021 3095 1160 3154 incertam
1179 3095 1250 3153 utri-

86 3207 179 3264 usque
198 3193 339 3251 rationem
361 3192 482 3251 alterum
504 3192 621 3252 alterius
642 3193 718 3251 vices
740 3193 872 3265 suscipit:

130 3294 181 3369 IV,
198 3297 223 3366 2,
241 3296 297 3352 32:
318 3293 465 3366 ,Furabor
480 3293 589 3353 Phoebi
604 3287 657 3370 (sc.
675 3289 819 3369 speciem),
837 3295 862 3353 si
876 3295 961 3354 modo
976 3296 1087 3369 plectra
1100 3295 1247 3368 dabia;“

87 3411 182 3467 neque
203 3396 266 3455 loco
288 3395 375 3455 dubio
397 3396 434 3469 11,
456 3392 520 3469 34¹³,
543 3397 581 3456 53
603 3395 729 3456 futurum
752 3391 810 3471 (vel
830 3394 956 3456 futurum
981 3404 1131 3470 exactum3
1152 3405 1249 3457 utrum

87 3503 169 3558 reeta
199 3499 312 3570 legatur
339 3499 369 3557 iu
397 3498 493 3558 medio
522 3492 668 3576 relinquo)
694 3499 802 3572 aliquid
833 3499 996 3560 offensionis
1022 3500 1124 3559 habet:
1157 3493 1253 3575 (nulla

88 3600 163 3659 solet
190 3597 342 3677 quaerere)
372 3621 440 3671 „acc
468 3603 579 3678 sipost
599 3602 716 3679 Stpqiaa
738 3603 852 3679 aliquid
871 3605 1103 3663 cessabimus
1124 3602 1251 3664 uadaa¹‘.

89 3703 271 3763 Coniunctivi
290 3704 413 3764 vicissim
436 3719 489 3776 pro
511 3701 607 3764 futuro
628 3704 776 3764 indicativi
797 3707 927 3778 usurpati
949 3707 1109 3780 exemplum
1130 3704 1252 3779 praebet

89 3823 115 3863 v.
135 3805 189 3881 ΙΙΙ,
214 3807 261 3878 15,
278 3809 332 3864 46:
361 3809 418 3878 ,Te
441 3811 534 3866 solata
556 3816 582 3867 et
603 3807 686 3885 liparis
702 3807 824 3879 funeris
846 3817 925 3866 ustas
947 3803 1075 3868 omem!“
1096 3809 1253 3868 Praeterea

89 3908 119 3966 id
137 3915 249 3983 tempus
267 3925 330 3968 cum
344 3909 552 3983 significatione
566 3910 728 3983 imperativi
738 3915 899 3984 usurpatur,
919 3927 953 3971 eo
967 3917 1064 3972 tamen
1078 3911 1250 3986 discrimine,

89 4017 122 4069 ut
142 4012 327 4085 imperativus
348 4014 440 4072 lenior
460 4015 572 4088 imperii
592 4011 684 4076 forma
706 4014 751 4088 sit,
774 4014 889 4086 gravior
909 4010 1051 4073 futurum:

179 4218 200 4278 ¹)
218 4220 279 4280 Ley,
309 4220 510 4280 Vergilianarum
542 4225 647 4281 quaesti.
674 4232 738 4281 spec.
766 4222 837 4283 prius
863 4220 892 4268 ds
915 4225 1054 4285 temporum
1084 4233 1140 4274 usu.
1170 4233 1247 4286 progr

91 4306 187 4358 Saarbr.
209 4310 284 4356 1877.
