3096 4946
833 414 873 470 24

267 594 357 666 quod:
381 601 413 654 et
433 595 563 656 iussisses
584 593 703 657 vellem*
725 596 859 669 quodque
880 611 933 654 nos
951 593 1086 655 dicimus:
1113 610 1162 664 ,so
1179 592 1290 656 bettest
1306 591 1346 654 du
1363 591 1444 655 doch

266 695 365 756 wchl.“
381 689 403 769 ¹)

526 1053 554 1111 4.
577 1053 611 1112 Iu
633 1052 789 1112 enuntiatis
811 1050 914 1123 quibus
937 1049 1068 1121 quaestio
1090 1049 1175 1111 inest.

351 1217 392 1278 Ut
413 1221 527 1279 omnino
549 1225 648 1279 noster
669 1220 699 1278 in
720 1216 813 1278 forma
831 1219 1029 1291 quaestionum
1049 1234 1121 1290 quns
1139 1225 1243 1280 vocant
1261 1219 1442 1282 directarum

266 1335 359 1391 paene
372 1321 443 1379 nihil
453 1323 564 1394 proprii
579 1322 709 1395 praebet,
732 1322 773 1380 ita
795 1320 896 1380 modus
918 1319 1017 1379 adeas
1036 1322 1184 1394 pertinens
1205 1322 1377 1384 indicativus
1394 1330 1445 1384 est
1539 1385 1540 1400 ,

268 1420 399 1482 omuibus
429 1424 506 1483 loeis.
537 1423 640 1500 Neque
668 1425 761 1482 minus
782 1424 811 1482 in
834 1421 1059 1496 quaestionibus,
1082 1423 1184 1495 quibus
1206 1423 1349 1486 dubitatio
1369 1442 1443 1488 con-
1539 1413 1540 1418 ἵ

268 1523 384 1597 tinctur,
407 1525 481 1583 sicut
502 1540 565 1584 mos
586 1531 630 1584 est
650 1526 776 1599 linguae,
798 1525 995 1585 coniunctivus
1017 1524 1137 1596 legitur:
1160 1527 1216 1586 mb.
1243 1531 1291 1604 16,
1313 1531 1347 1588 3:
1376 1529 1444 1600 ,An

267 1625 338 1684 milri
357 1628 392 1683 eit
413 1625 523 1685 tanti‘?“
551 1627 590 1702 Π,
609 1629 638 1700 3,
658 1628 707 1700 33,
735 1647 802 1704 „eqo
823 1646 899 1684 nunc
921 1623 1044 1683 mirer?“
1076 1619 1174 1696 ,eim“.
1198 1629 1237 1704 Π,
1262 1631 1364 1705 6,1e:
1387 1647 1444 1692 eur

267 1725 388 1799 petam?
412 1730 461 1801 30,
487 1730 542 1786 23:
564 1727 674 1800 pudeat
694 1726 763 1786 me?
786 1726 839 1800 III,
863 1729 888 1796 2,
908 1730 941 1784 7:
964 1725 1120 1786 miremur?

352 1828 462 1888 Tamen
491 1829 551 1888 eius
580 1828 767 1889 dubitationis
797 1825 969 1901 significatio
998 1830 1060 1888 sola
1087 1831 1181 1904 prima
1209 1832 1290 1892 verbi
1315 1848 1445 1908 persona
1541 1889 1542 1900 ,

269 1931 410 1989 contineri
430 1930 551 1990 videtur.
574 1929 766 2000 Quamobrem
787 1945 899 1988 uersum
917 1929 953 1999 II,
975 1925 1041 2003 34¹,
1070 1933 1108 1989 39
1126 1933 1304 2004 quaestionis
1317 1932 1443 1995 formam

270 2031 377 2092 habere
398 2049 483 2107 posse
504 2049 616 2105 negem,
638 2033 688 2104 qni
710 2033 751 2090 sic
773 2031 897 2090 traditus
920 2036 979 2090 cst:

353 2134 419 2193 Nou
439 2133 650 2208 Amphiaraeae
672 2133 784 2206 prosint
805 2130 859 2190 tibi
881 2130 942 2190 ieta
964 2131 1130 2204 quadrigae.

355 2235 412 2295 Sed
431 2252 467 2294 ne
489 2235 667 2295 consuetudo
690 2234 804 2306 quidem
826 2235 918 2292 nostri
947 2238 1001 2308 cst,
1024 2240 1056 2291 ut
1079 2235 1234 2294 enuntiatis
1256 2239 1441 2313 concessivis,
1542 2219 1543 2254 ³

270 2354 343 2409 quae
365 2339 489 2414 saepius,
508 2339 583 2396 sicut
600 2341 630 2395 in
642 2337 696 2396 hoe
710 2337 846 2410 carmine,
867 2336 1027 2408 complures
1041 2335 1176 2410 deinceps
1191 2338 1335 2414 leguntur,
1351 2356 1443 2413 quae-

269 2440 389 2499 stionem
410 2440 589 2513 postmittat;
613 2436 648 2496 cf.
670 2437 722 2496 hos
744 2439 839 2496 locos:

312 2542 336 2615 1,
361 2545 409 2616 14,
430 2547 464 2599 1;
487 2540 533 2599 Tu
553 2541 622 2599 licet
643 2538 773 2598 abiectus
796 2538 935 2598 Tiberina
956 2539 1080 2599 molliter
1101 2539 1181 2598 unda

493 2639 601 2700 Lesbia
618 2641 772 2700 Mentoreo
794 2641 861 2698 vina
882 2639 965 2699 bibos
988 2656 1084 2713 opere,

487 2742 528 2800 Et
550 2742 635 2801 modo
659 2785 666 2801 .
690 2786 696 2800 .
721 2786 728 2800 .
753 2742 865 2801 mireris
886 2757 1002 2801 cumane
1024 2784 1031 2798 .
1056 2787 1061 2798 .
1086 2785 1094 2799 .

491 2842 885 2902 Etmodo...ire..,

493 3147 567 3205 Non
596 3151 712 3206 temen
734 3148 804 3205 ista
828 3162 902 3207 mco
921 3147 1065 3205 valcant
1087 3145 1300 3206 contendere
1323 3146 1443 3204 amori.

313 3244 337 3317 Ι,
363 3248 411 3319 16,
431 3250 487 3304 te:
512 3247 556 3307 Sit
576 3249 645 3308 licet
668 3254 698 3308 et
718 3265 789 3308 sexo
811 3249 968 3322 patientior
989 3248 1040 3306 illa
1062 3246 1166 3306 Sicano

510 3349 554 3408 Sit
574 3350 643 3408 licet
665 3358 695 3410 et
717 3348 797 3409 ferro
819 3349 916 3409 durior
938 3356 968 3409 ct
989 3348 1124 3423 chalybe:

511 3450 585 3511 Non
599 3458 714 3512 tamen
731 3452 796 3510 ille
811 3467 890 3510 suos
906 3453 1044 3525 poterit
1060 3465 1283 3523 compescere
1299 3451 1444 3525 ocellos,

272 3550 404 3610 similiter
425 3551 463 3624 II,
486 3555 536 3627 20,
560 3555 577 3611 9
600 3569 660 3625 sqq.
685 3554 740 3626 111,
764 3556 814 3629 22,
837 3557 854 3611 7
878 3569 940 3626 sqq.

356 3650 558 3713 Coniunctivus
584 3652 727 3727 ,prosint‘
755 3655 844 3727 igitur
872 3653 915 3712 his
945 3653 1085 3726 exemplis
1115 3651 1265 3725 probatur,
1287 3650 1338 3710 scd
1359 3651 1446 3723 longe

274 3754 346 3812 alins
377 3760 421 3813 est
448 3771 533 3826 qnam
555 3756 755 3816 haesitationis
781 3758 827 3816 vel
849 3756 1052 3815 dubitationis:
1075 3755 1172 3829 potuis
1192 3752 1309 3813 lenioris
1331 3752 1446 3812 dicendi

273 3855 395 3927 generis,
421 3855 457 3914 de
486 3872 542 3928 quo
571 3872 659 3930 supra
687 3857 797 3928 egimus
824 3852 865 3930 (p.
895 3851 959 3932 20).
991 3855 1068 3914 Eum
1100 3860 1198 3915 autem
1231 3855 1444 3915 coniunctivum

274 3953 452 4014 Thebaidem
474 3956 583 4030 Lyncei
604 3962 713 4030 poetae
735 3958 865 4016 extitisse
883 3973 975 4029 neque
989 3954 1135 4017 affirmare
1150 3971 1243 4028 neque
1257 3971 1364 4030 negare
1380 3957 1446 4017 luce

364 4209 386 4276 ¹)
404 4212 531 4262 Similiter
556 4213 663 4263 Ovidius
690 4217 716 4262 in
742 4215 802 4264 Met.
818 4216 849 4278 V,
862 4215 910 4266 26:
939 4211 1216 4279 ,Qacctncprusmhd
1235 4217 1259 4264 ri
1278 4213 1328 4264 tihi
1347 4226 1445 4276 mapna

274 4301 402 4362 videatur,
423 4303 460 4349 Ec
477 4303 532 4350 iltis
552 4304 672 4371 scopulis,
691 4303 737 4350 ubi
755 4307 830 4354 eruat
850 4304 939 4374 affluo,
956 4303 1129 4368 petissce“.
