3096 4946
676 450 786 504 11·

236 631 303 705 ,Sic
325 647 377 691 uos
397 649 472 692 nunc
492 633 595 706 inopes
616 631 709 690 laudis
731 631 923 692 conscendere
943 630 1054 690 emman

235 733 414 808 Pauperibus
435 736 532 794 sacris
546 735 613 793 vilia
634 739 701 793 tura
723 733 832 794 damus.

235 834 368 896 Nondum
390 838 465 897 enim
490 833 631 897 Ascraeos
652 842 758 896 norunt
779 853 843 896 mea
864 837 991 894 carmina
1010 834 1113 909 fontes,

182 951 191 966 ·
234 937 291 998 Sed
312 939 399 1000 ruodo
421 941 563 1000 Permessi
583 937 700 1000 flumine
720 941 793 999 lavit
814 932 930 998 Amor.“

537 1175 840 1184 ———--———-

531 1389 885 1460 Plusquamperfectum.

194 1565 507 1642 Plusquamperfectum
539 1573 650 1642 tempus
685 1584 749 1629 cum
780 1571 809 1628 in
832 1571 931 1644 elegiis
966 1570 1043 1629 baud
1075 1570 1163 1629 semel
1198 1570 1274 1628 vices

108 1669 268 1746 imperfecti
300 1677 329 1730 et
364 1668 484 1745 perfecti
516 1672 663 1746 suscipiat,
698 1677 907 1746 praetereaque
941 1673 1113 1732 creberrime
1135 1687 1186 1731 suo
1208 1672 1272 1730 loco

108 1776 279 1848 inueniatur,
297 1790 355 1832 non
371 1774 476 1832 iniuria
490 1773 697 1847 Propertianae
714 1775 846 1835 dictionis
859 1777 1006 1850 proprium
1025 1781 1150 1834 vocetur.
1175 1775 1272 1833 Scitis-

109 1879 181 1936 sime
204 1877 314 1936 duobus
335 1877 406 1935 locis
424 1875 732 1951 plusquamperfectum
746 1879 810 1938 loco
831 1877 1054 1952 imperfecti
1070 1879 1206 1951 legimus:
1224 1875 1274 1951 IV,

110 1984 139 2054 3,
161 1982 218 2040 45:
250 1979 407 2054 „Romanis
442 1979 550 2038 atinam
578 1981 788 2056 patuissent
820 1991 919 2040 costra
956 1981 1059 2058 puellis
1083 2009 1121 2020 -
1144 1981 1275 2038 Essem

107 2083 224 2142 mildiac
256 2082 378 2141 sarcina
402 2083 471 2158 fida
502 2075 605 2154 tuoa“;
637 2088 727 2156 poeta
759 2085 834 2143 enim
859 2081 1138 2158 plusquamperfecto
1156 2098 1274 2157 morem,

109 2183 158 2256 qui
191 2187 224 2242 ut
242 2185 300 2242 iem
331 2181 443 2256 pridem
477 2183 645 2243 observatus
680 2183 781 2244 fuisset
807 2187 837 2243 iu
866 2186 940 2244 votis
969 2192 1021 2260 est,
1043 2183 1211 2258 imperfecto
1233 2184 1275 2259 id,

109 2285 186 2358 quod
220 2287 281 2360 ipse
313 2285 468 2346 secundum
500 2287 579 2346 ilium
611 2303 719 2347 morem
753 2286 880 2347 facturus
901 2287 988 2347 fuerit
1008 2295 1037 2347 et
1065 2289 1123 2346 iam
1155 2286 1273 2361 faceret,

109 2389 258 2461 exprimit;
277 2387 326 2461 IV,
350 2390 379 2462 9,
398 2391 439 2447 44
460 2388 567 2461 „Quod
585 2389 612 2446 si
626 2391 736 2448 Joaoni
756 2411 870 2449 sacrum
887 2391 1076 2462 faceretis
1097 2411 1218 2449 amarae
1235 2419 1272 2431 -
1340 2467 1342 2470 Ι

109 2491 177 2548 Non
199 2490 426 2564 clausisset;
460 2506 526 2548 uam
548 2491 715 2565 Propertius
738 2509 801 2551 oum
823 2509 883 2566 eos,
915 2493 1082 2565 quibuscum
1104 2494 1174 2568 agit,
1203 2493 1274 2552 allo-

111 2591 216 2664 quitur,
237 2590 369 2650 Herculis
392 2593 551 2665 exemplum
573 2593 694 2652 afferens
718 2600 824 2667 monet,
850 2600 882 2653 ut
897 2594 1000 2654 Iunoni
1018 2611 1131 2654 sacrum
1148 2593 1273 2666 faciaut;

111 2711 176 2753 cum
209 2699 305 2753 autem
335 2693 431 2754 dicere
460 2687 607 2754 inanimo
630 2704 697 2755 est.
721 2735 728 2750 .
753 2697 796 2771 ,si
816 2695 950 2756 faceretis
972 2742 978 2755 .
999 2741 1006 2756 .
1029 2714 1085 2757 non
1107 2691 1270 2756 clauderet“

109 2799 139 2855 in
158 2797 207 2855 illo
228 2796 360 2856 Herculis
379 2798 508 2870 exemplo
531 2803 658 2856 moratus
678 2799 709 2857 id
731 2793 825 2873 affert,
852 2800 929 2872 qood
950 2800 1076 2859 eiusdem
1098 2800 1273 2873 temporibus

112 2896 238 2958 futurum
260 2904 332 2972 erat,
355 2899 380 2957 si
401 2900 425 2958 is
447 2899 549 2958 Iunoni
570 2916 653 2960 saera
673 2887 796 2961 fecisset.

193 3000 238 3059 De
251 3019 277 3060 v.
294 3001 347 3074 ΙΙΙ,
369 3003 417 3075 13,
434 3003 483 3076 38,
503 3008 655 3076 postquam
677 3020 775 3062 versus
797 3010 826 3063 et
848 3004 1050 3063 antecedentes
1072 3008 1102 3063 ct
1123 3009 1274 3074 sequentes

109 3122 175 3164 eum
209 3106 266 3163 iam
299 3120 386 3178 supra
417 3088 602 3164 tractavimus
614 3098 646 3179 1),
681 3106 727 3166 bic
759 3107 845 3166 liceat
875 3108 988 3179 integro
1009 3121 1104 3178 agere.
1129 3105 1271 3178 Consulto,

109 3208 184 3266 sicut
214 3207 244 3264 iu
278 3206 313 3264 iis
345 3208 493 3282 exemplis,
525 3225 599 3281 quae
632 3208 717 3268 modo
752 3211 946 3284 necavimus,
979 3214 1077 3268 noster
1111 3209 1273 3282 plusquam·

108 3307 238 3382 perfecto
263 3309 362 3382 utitur,
393 3315 426 3368 ut
446 3309 595 3386 significet,
625 3313 681 3370 ianr
703 3311 739 3370 ab
762 3313 964 3384 antiquissimis
985 3311 1161 3384 temporibus
1184 3327 1273 3383 usque

109 3411 147 3470 ad
180 3411 260 3485 iilud,
294 3410 330 3469 de
364 3427 420 3482 quo
454 3414 516 3484 agit
547 3415 609 3487 ipsc
631 3420 776 3486 tamquam
797 3412 932 3487 perfecto,
954 3429 1076 3487 poenam
1098 3429 1155 3472 non
1175 3411 1272 3488 fuisse,

108 3513 202 3573 nudas
223 3513 320 3573 videre
342 3513 419 3572 deas.
988 3563 990 3568 ,

194 3613 506 3689 Plusquamperfectum
527 3614 702 3690 perfecti
722 3617 786 3676 loco
808 3618 920 3690 saepius
942 3617 971 3674 in
994 3616 1092 3690 elegiis
1113 3616 1272 3690 reperitur3

111 3723 277 3794 quantoque
307 3720 477 3793 accuratius,
512 3735 597 3790 qnam
629 3720 678 3778 alii
702 3721 748 3779 vel
766 3726 871 3794 poetae
893 3722 938 3780 vel
958 3721 1114 3792 scriptores
1135 3721 1273 3780 orationis

108 3820 251 3894 pedestris
273 3821 442 3894 Propertius
464 3837 497 3881 eo
519 3827 649 3896 tempore
670 3839 737 3882 usus
753 3824 802 3898 sit,
822 3839 962 3894 quamque
980 3825 1127 3897 proprium
1145 3824 1205 3882 eius
1225 3824 1273 3897 sit,

108 3924 247 3997 actiones,
268 3939 339 3995 quas
356 3929 466 3996 narrat,
488 3923 642 3984 secundum
665 3926 894 3985 consecutionem
913 3931 1073 3999 temporum
1096 3927 1271 3998 singulorum

109 4026 271 4100 disponere,
305 4027 412 4084 avinis
435 4026 538 4101 doctis,
571 4029 620 4099 qui
641 4033 750 4088 textum
772 4034 877 4102 poetae
898 4029 988 4087 nostri
1009 4028 1193 4102 redegerunt,
1216 4043 1272 4086 non

110 4129 181 4188 satis
209 4129 385 4187 intellectum
418 4130 463 4188 vel
495 4129 648 4202 probatum
671 4136 733 4202 est3
763 4132 877 4204 saepius
900 4131 974 4191 enim
996 4131 1032 4190 ab
1055 4132 1089 4190 iis
1110 4132 1173 4190 loco
1195 4131 1272 4204 plus·

199 4348 362 4412 omps
