3096 4946
686 401 723 458 21

20 645 22 658 ,
153 580 262 640 Vestra
283 595 362 640 meos
383 580 451 640 olim
474 580 893 643 011010100100100101001

20 679 21 686 ’
116 712 120 744 ;
197 681 300 754 Itaque
322 681 400 756 quod
419 682 501 742 licuit
521 684 646 758 Maroni,
667 701 719 744 001
740 700 797 744 000
818 684 906 744 Sexto
927 685 1041 744 licuisse
1063 682 1093 743 id
1119 682 1228 758 putes?

18 705 22 848 v

367 1107 395 1166 2.
417 1107 448 1166 iu
469 1107 626 1167 0000110110
650 1107 753 1180 quibus
774 1108 926 1182 imperium
946 1107 1031 1169 inest.

197 1260 253 1320 Hic
274 1276 388 1333 quoque
416 1269 519 1323 noster
543 1266 778 1326 consuetudinem
805 1268 921 1340 linguae
949 1267 991 1327 110
1020 1266 1158 1338 sequitur,
1188 1267 1230 1336 01,
1259 1262 1287 1320 01

109 1363 204 1423 lenius
214 1363 383 1438 imperetur,
395 1371 446 1423 001
456 1367 547 1424 solum
558 1368 769 1429 coniunctivum
782 1376 916 1444 usurpet:
930 1369 987 1428 mb.
1000 1368 1025 1442 1,
1039 1370 1094 1428 32:
1109 1359 1281 1440 (remanete)

109 1464 184 1524 Sira
212 1474 240 1523 et
268 1466 298 1524 in
325 1475 384 1525 tcto
415 1487 528 1543 semper
556 1490 655 1528 amore
682 1465 791 1546 parea“
817 1517 823 1530 .
846 1511 854 1526 .
878 1472 937 1530 35:
963 1471 1045 1546 „Hoc
1066 1488 1174 1538 moneo,
1197 1466 1285 1524 vitate

111 1570 233 1639 malam,
254 1586 309 1625 ruo
328 1587 463 1646 quemquo
484 1581 652 1630 moretur
676 1571 756 1631 Oura
780 1617 786 1630 .
807 1568 846 1648 .“‚
869 1578 920 1633 001
941 1571 1137 1632 coniunctivae
1159 1567 1285 1642 pendeat

111 1685 149 1729 ex
175 1669 352 1743 imperativis
377 1665 458 1744 „fac¹‘
483 1673 528 1730 vel
553 1667 677 1746 „lecite“
701 1671 758 1732 mb.
786 1677 812 1747 1,
832 1677 888 1732 22:
912 1715 919 1730 .
943 1673 1061 1745 ,facite
1082 1673 1134 1730 illo
1151 1671 1284 1747 palleum

109 1771 163 1832 IV.
187 1773 215 1846 5,
239 1773 295 1832 34:
322 1772 393 1846 ,suo
415 1774 528 1831 simules
552 1778 601 1848 11,
625 1777 676 1834 68:
698 1776 758 1847 sac
784 1785 895 1848 teneam
921 1791 985 1835 cum
1014 1779 1138 1846 velatur,
1169 1787 1205 1830 ex
1230 1771 1284 1848 Ψ

109 1873 244 1948 perativo
269 1867 374 1947 „cavc“
399 1873 456 1933 mb.
481 1877 510 1932 7.
533 1876 591 1934 25:
614 1898 683 1936 0000
706 1887 879 1936 contemnas.
900 1880 950 1954 10,
970 1880 1025 1948 21;
1044 1874 1083 1949 ΙΙ,
1104 1875 1141 1934 13
1160 1877 1215 1944 41;
1233 1871 1283 1946 IV,

111 1977 141 2051 8,
163 1975 213 2033 77.
236 1974 394 2035 Praeterea
414 1975 486 2035 11000
508 1977 624 2036 vetandi
645 1976 738 2037 forma
760 1979 921 2038 invenitur:
946 1997 1053 2055 „poree
1074 1967 1204 2034 movero*
1225 1972 1281 2032 mb.

112 2077 165 2150 15,
184 2077 232 2134 26.
255 2075 424 2135 Firmissimi
447 2091 561 2148 quoque
582 2079 745 2153 imperativi
767 2080 889 2152 generis,
919 2079 996 2152 quod
1016 2075 1113 2136 futuro
1134 2073 1283 2134 indicativi

109 2176 187 2237 solet
208 2177 337 2252 exprimi,
365 2179 496 2251 exempla
518 2185 631 2240 exstare
653 2181 710 2239 iam
733 2196 821 2254 supra
843 2178 970 2239 futurum
990 2185 1103 2252 tempus
1123 2180 1283 2235 1100100100

108 2278 234 2340 vidimus
257 2274 298 2353 (p.
324 2275 385 2351 16).

199 2400 294 2473 Atque
315 2399 461 2472 hueusque
483 2403 572 2472 poeta
593 2400 641 2458 vix
663 2416 680 2459 0
701 2401 906 2460 consuetudine
925 2399 1038 2458 videtur
1055 2397 1192 2466 cessisse3
1214 2410 1280 2468 per·

109 2502 243 2562 venimus
264 2503 322 2561 iam
344 2501 382 2560 ed
404 2501 554 2575 proprium
575 2502 738 2575 imperativi
759 2519 839 2561 usum
861 2501 1090 2576 Propertienum.
1114 2496 1184 2557 (ium
1205 2495 1282 2556 haud

111 2604 219 2662 mirum
256 2603 303 2676 sit,
333 2602 490 2676 simplicem
518 2603 680 2677 imperativi
711 2601 832 2663 10101010
857 2603 1023 2678 saepissime
1050 2600 1127 2674 apud
1153 2603 1282 2659 nostrum

108 2709 214 2779 utpote
235 2709 359 2778 poetam
382 2705 431 2776 qui
453 2704 625 2764 brevitatem
642 2705 753 2780 diligat,
771 2705 902 2779 inveniri,
921 2706 1045 2765 alienum
1061 2703 1185 2778 videtur,
1204 2702 1281 2775 quod

109 2806 229 2880 saepius
245 2803 353 2864 firmior
369 2806 555 2879 imperativus
572 2806 602 2864 in
618 2834 654 2845 -
668 2811 699 2866 10
717 2805 824 2866 cadens
845 2807 1004 2880 exhibetur,
1027 2807 1076 2880 qui
1097 2821 1115 2865 a
1135 2805 1280 2880 plerisque

108 2924 170 2967 non
199 2908 255 2966 nisi
276 2908 403 2980 graviter
424 2908 497 2968 solet
519 2909 660 2981 usurpari.
683 2907 729 2967 Ee
750 2906 843 2968 forma
864 2909 942 2982 apud
964 2909 1146 2982 Propertium
1167 2912 1279 2968 exstat:

113 2997 116 3002 ’
154 3009 194 3084 ΙΙ,
216 3012 262 3083 13,
282 3012 322 3068 40
344 3016 521 3070 memento
540 3050 547 3065 .
564 3052 571 3066 .
589 3055 595 3067 .
614 3009 669 3069 hoc
680 3011 736 3069 iter
749 3010 787 3070 ad
800 3002 922 3086 lapides,
937 3026 1015 3086 0010,
1029 3010 1094 3070 vehi
1107 3003 1277 3071 memores.“

153 3110 194 3186 II,
219 3113 267 3186 18,
286 3113 318 3170 3:
342 3110 374 3170 Si
402 3111 472 3188 quid
501 3111 608 3185 vidisti,
639 3127 751 3186 semper
778 3112 883 3174 vidisse
912 3111 1280 3186 legumlatorem

219 3210 310 3272 doluit
330 3210 416 3288 forte,
438 3213 535 3273 dolere
556 3229 661 3286 nega.

219 3317 269 3390 22,
288 3317 349 3374 43:
376 3317 453 3390 „Aut
474 3317 500 3374 si
521 3331 552 3375 es
574 3315 656 3389 dura,
678 3331 780 3390 nega,
798 3317 842 3374 siu
865 3331 896 3374 es
917 3330 974 3374 uon
997 3314 1080 3390 dura,
1100 3314 1237 3374 venito.

219 3417 270 3492 25,
287 3418 341 3477 33;
364 3417 548 3489 (1000101010
570 3433 709 3492 persaepe
731 3423 824 3492 vocet,
847 3419 935 3478 semel
955 3418 1000 3476 vie
1022 3421 1175 3489 negato.

153 3518 204 3578 lv.
221 3501 258 3596 t,
283 3521 336 3580 53:
362 3521 490 3594 „Aurum
511 3526 693 3594 spectato,
713 3535 771 3579 non
793 3535 867 3592 quae
888 3535 989 3578 manus
1011 3517 1125 3578 adferat
1146 3510 1275 3578 aurum.“

197 3639 278 3710 Quae
292 3637 385 3699 forme
396 3639 446 3698 ubi
458 3641 660 3714 simpliciorem
680 3641 727 3700 vol
742 3640 944 3712 conjunctivim
959 3639 1172 3698 adhortativum
1184 3639 1278 3710 sequi·

109 3748 170 3817 tur,
190 3740 322 3812 0010111,
343 3744 392 3817 13,
409 3737 503 3811 selle
528 3748 557 3801 01
576 3743 615 3817 ΙΙ,
637 3743 685 3817 18,
705 3745 735 3816 3,
754 3743 862 3816 optime
883 3741 1280 3815 101010100000101000100

108 3850 225 3918 tempus
246 3840 374 3904 futurum
395 3849 426 3903 et
447 3846 534 3904 semel
554 3845 695 3904 servanda
715 3842 749 3904 fit
765 3844 933 3916 discrimem
953 3845 983 3902 in
1000 3859 1088 3903 veras.
1110 3842 1149 3918 11,
1167 3843 1218 3919 25,
1238 3845 1278 3904 33

109 3953 142 4007 01
162 3945 214 4022 lv,
237 3946 265 4021 5,
290 3946 329 4005 53
352 3948 431 4021 lepes
452 3948 498 4007 vel
518 3953 675 4022 praecepte
697 3947 819 4019 deutur3
849 3947 911 4007 solo
932 3948 962 4005 10
983 3962 1067 4006 versu
1088 3945 1141 4020 ΠΙ,
1166 3948 1213 4018 13,
1238 3946 1278 4006 45

108 4053 199 4123 00010
228 4049 303 4108 hauc
327 4046 449 4108 formam
478 4050 564 4123 plene
594 4066 658 4109 eum
680 4049 826 4111 voluntate
848 4048 1032 4122 simplicioris
1052 4047 1127 4106 illius
1149 4054 1278 4122 usurpet.

195 4169 397 4229 Praeterea-et
418 4170 447 4227 in
469 4169 523 4228 100
544 4185 576 4227 10
598 4167 699 4229 eodem
719 4169 846 4244 licentia,
869 4182 926 4240 qua
947 4168 1046 4242 001011,
1077 4172 1167 4241 00010
1187 4169 1278 4229 011101

109 4269 190 4333 velut
219 4269 314 4330 Plaut.
346 4271 427 4332 Asin.
451 4271 510 4330 145
540 4279 637 4354 specto
664 4272 745 4330 modo
753 4287 762 4354 τγ
787 4270 875 4348 verg.
905 4268 1010 4347 Georg.
1032 4271 1114 4346 modo
1146 4270 1278 4353 impendo
