3096 4946
690 439 708 494 7

116 616 194 689 quod
215 618 360 677 mentione
379 618 495 692 dignum
512 621 549 678 sit
566 619 716 693 praebeat,
734 618 893 692 perfectum
912 619 988 692 quod
1005 611 1124 679 vocatum
1141 635 1278 693 praesens

116 721 238 801 vestigia
270 721 370 780 saltem
402 719 468 782 usus'
497 725 608 797 proprii
640 722 764 782 exhibet.
792 723 827 783 Id
848 723 968 797 perfecti
990 739 1078 796 genus
1099 723 1222 782 maxime
1244 739 1278 783 eo

117 824 309 897 cognoscitur,
343 824 420 896 quod
450 826 592 884 actionem
626 822 776 899 significat,
812 840 886 897 quae
916 826 1044 898 quamvis
1074 825 1134 898 jam
1168 823 1279 898 pridem

117 923 246 998 perfecta
273 927 320 1000 sit,
353 927 382 984 in
409 925 603 986 condicionem
625 932 734 985 certam
756 932 785 985 et
806 932 985 986 constantem
1006 928 1045 985 sit
1064 926 1216 1000 translata,
1237 927 1279 985 ita

118 1033 150 1085 ut
178 1029 208 1085 in
241 1033 353 1102 tempus
386 1043 522 1100 praesens
553 1028 669 1102 prodire
692 1028 830 1088 videatur.
856 1024 958 1101 Itaque
979 1029 1034 1088 hoc
1054 1021 1168 1103 teinpus
1189 1028 1278 1101 aptis·

118 1131 218 1188 einum
252 1137 304 1204 est,
339 1131 415 1204 quod
435 1131 498 1190 loco
520 1131 695 1190 Graecorum
716 1132 816 1190 aoristi
837 1147 921 1204 quem
943 1137 1047 1191 vocant
1068 1129 1191 1203 gnomici
1212 1135 1278 1189 stet.

118 1230 159 1290 Ut
192 1232 266 1290 enim
300 1234 422 1291 aoristns
454 1238 537 1292 extra
571 1237 731 1305 tempotum
754 1231 825 1294 fines
847 1239 905 1292 stat
927 1239 956 1292 et
977 1235 1117 1294 actionem
1139 1234 1200 1292 sine
1220 1233 1279 1291 ulla

118 1335 254 1407 temporis
287 1333 494 1407 significatione
526 1336 568 1393 ita
597 1341 705 1410 narrat,
727 1341 759 1394 ut
781 1351 844 1394 eam
868 1336 997 1407 omnibus
1020 1335 1195 1410 temporibus
1216 1332 1280 1394 fieri

117 1452 202 1510 posse
229 1443 369 1511 putemus,
392 1438 434 1496 ita
455 1439 647 1497 Romanorum
668 1437 825 1511 perfectum
846 1439 948 1498 saltem
970 1438 1026 1499 duo
1048 1444 1178 1511 tempora
1202 1453 1279 1496 com·

118 1538 263 1614 plectitur,
287 1545 399 1613 tempus
414 1539 572 1612 perlectum
590 1546 620 1600 et
637 1547 748 1614 tempus
766 1527 910 1614 p'raesens.
934 1541 1066 1600 Ceterum
1080 1557 1137 1600 non
1155 1556 1280 1615 possum,

119 1643 187 1713 quin
207 1639 329 1714 perfecti
347 1643 540 1715 experientiae
559 1645 703 1702 notionem
718 1643 869 1716 plurimum
891 1644 929 1703 ad
947 1644 1023 1703 illam
1042 1642 1165 1715 gnomici
1180 1641 1281 1701 aoristi

118 1742 355 1816 significationem
364 1745 570 1817 assequendam
578 1747 735 1806 existimem
744 1745 874 1804 ualuisse.
885 1745 1157 1818 ApudPropertium
1166 1743 1280 1815 quidem

118 1848 194 1905 inter
216 1847 364 1904 enuntiata
386 1863 463 1906 mere
485 1848 615 1920 gnomica
637 1855 667 1906 et
684 1849 888 1921 experientiam
906 1845 1096 1918 significantia
1113 1846 1160 1906 vix
1174 1847 1281 1919 poterit

123 1949 275 2008 discrimen
296 1947 374 2020 fieri3

142 2050 198 2111 mb.
224 2052 348 2125 12,15:
374 2049 483 2124 ,Felix,
506 2052 554 2121 qui
574 2051 703 2123 potuit
723 2052 867 2124 praesenti
889 2049 959 2108 flere
979 2043 1109 2123 puellae“

162 2154 202 2227 II,
228 2154 278 2225 15,
291 2155 347 2212 51:
373 2154 433 2227 ,Ao
454 2151 542 2211 veluti
563 2149 631 2212 lolia
653 2154 760 2212 arentis
782 2153 911 2224 liquere
933 2145 1072 2212 corollas“

148 2255 204 2328 III,
231 2257 330 2328 11,6:
357 2253 546 2329 ,Vulneribus
568 2253 694 2313 didicit
714 2255 794 2314 miles
816 2255 922 2313 habere
943 2247 1068 2312 metum“

203 2357 298 2429 Magis
333 2357 363 2414 in
395 2354 540 2430 proverbii
573 2371 680 2414 morem
709 2356 762 2415 hoo
791 2357 968 2414 enuntiatum
994 2361 1048 2430 est,
1073 2355 1104 2412 in
1136 2368 1191 2424 quc
1214 2367 1280 2410 con-

121 2461 263 2518 iunctivus
284 2457 404 2532 perfecti
425 2458 545 2531 legitur:
568 2458 606 2532 II,
633 2464 658 2532 l,
681 2460 736 2516 66:
768 2451 845 2532 (Hoc
866 2460 953 2534 siquis
975 2457 1070 2515 citium
1089 2454 1195 2532 poterit
1214 2453 1283 2510 milri

307 2764 409 2838 „Delia
430 2764 565 2836 virgineis
587 2763 663 2822 idern
684 2763 732 2822 ille
754 2763 947 2835 repleverit
969 2754 1104 2821 umbris“.

149 2870 152 2894 '
206 2866 285 2936 Quae
321 2866 472 2939 sententia,
508 2863 666 2938 perfeetum
703 2881 765 2923 cum
797 2866 913 2924 notione
945 2864 1104 2938 praesentis
1131 2866 1283 2936 postquam

120 2969 203 3027 initio
229 2973 340 3026 tanturn
372 2967 578 3039 experientiam
606 2982 709 3037 magno
743 2967 880 3038 temporis
909 2967 1003 3038 spatio
1024 2965 1175 3039 probatam
1197 2959 1283 3032 signi·

121 3070 259 3143 ficaverit,
292 3068 441 3143 paullatim
475 3069 505 3126 in
541 3069 641 3126 aoristi
674 3069 798 3140 gnomiei
832 3085 944 3127 sensum
978 3067 1092 3141 abiisse,
1122 3063 1284 3124 confirmari

121 3174 208 3232 etiam
244 3171 356 3231 videtur
380 3171 490 3243 Vergili
525 3171 682 3244 Georgicis,
718 3187 838 3242 quorum
875 3171 1004 3243 exempla
1037 3185 1100 3228 eum
1137 3166 1284 3240 aptissima

120 3275 287 3334 uiderentur
308 3273 345 3332 ad
368 3274 610 3346 comparationem
634 3274 738 3346 quippe
756 3289 829 3344 quae
847 3289 894 3337 res
909 3279 992 3332 notas
1008 3279 1037 3332 et
1053 3273 1129 3330 inter
1144 3270 1285 3342 agricolas

122 3377 276 3437 admodum
298 3377 382 3435 tritas
404 3375 563 3448 traderent,
587 3377 689 3448 collegi
711 3376 812 3434 omnia.

165 3481 199 3538 G.
224 3479 248 3554 I,
271 3481 329 3536 49:
352 3478 401 3536 illa
423 3493 505 3550 seges
528 3477 639 3536 demum
661 3479 734 3536 votis
755 3476 908 3550 respondet
929 3476 1009 3535 avari
1030 3474 1208 3547 Agricolae.
1228 3514 1258 3528 ..
1278 3513 1284 3526 .

226 3581 305 3640 Illius
325 3581 480 3639 immensae
502 3587 686 3653 ruperunt
709 3581 813 3639 horrea
834 3595 951 3638 messes.

166 3685 241 3742 181:
275 3683 392 3754 exiguus
426 3698 487 3741 mus
516 3671 631 3756 pdsuit
668 3683 767 3742 domos
795 3687 883 3753 atque
916 3680 1020 3739 horrea
1050 3676 1131 3747 lecit3
1157 3671 1287 3732 similiter
1332 3725 1336 3738 ,

227 3788 288 3845 eeo
310 3800 372 3856 sqq.
395 3785 432 3859 11,
460 3790 535 3856 141;
570 3785 649 3856 4443
684 3786 763 3856 400;
798 3785 878 3854 5103
912 3783 990 3854 5133
1020 3780 1073 3854 111,
1103 3778 1175 3849 2463
1211 3775 1285 3844 2833

228 3890 304 3959 3783
327 3890 397 3945 417.

205 3989 250 4048 De
282 3989 335 4064 his,
370 4003 443 4060 quae
465 3987 562 4046 adhuc
583 3987 645 4046 dixi
663 3986 798 4061 perfectis
820 3978 925 4060 Leyi¹)
948 3985 1129 4056 sententiam,
1164 3979 1213 4051 qui
1232 3977 1287 4036 illis

122 4094 194 4152 locis
220 4089 379 4166 perfectum
407 4107 486 4151 mere
507 4091 668 4163 gnomicum
690 4089 819 4149 exhiberi
838 4095 935 4164 negat,
957 4104 1040 4148 nemo
1061 4103 1118 4146 non
1138 4081 1286 4160 prohabiti

215 4349 236 4410 ¹)
255 4350 314 4410 Ley,
333 4348 364 4398 da
382 4360 429 4397 usu
448 4353 542 4410 tenrpp.
562 4347 710 4407 Vergiliano
729 4348 818 4411 (progr.
837 4345 993 4402 Saarbriiclr.)
1016 4347 1089 4394 1817.
